{
  "gold_per_floor": [
    18,
    33,
    33,
    47,
    47,
    47,
    76,
    76,
    76,
    76,
    76,
    93,
    93,
    111,
    111,
    185,
    185,
    205,
    205,
    221,
    221,
    11,
    42,
    42,
    69,
    69,
    82,
    98,
    98
  ],
  "floor_reached": 29,
  "playtime": 2059,
  "items_purged": [
    "Strike_G"
  ],
  "score": 526,
  "play_id": "31a652a6-632e-4821-bdc9-da0be981045b",
  "local_time": "20190104150059",
  "is_ascension_mode": true,
  "campfire_choices": [
    {
      "data": "A Thousand Cuts",
      "floor": 6,
      "key": "SMITH"
    },
    {
      "data": "Neutralize",
      "floor": 8,
      "key": "SMITH"
    },
    {
      "data": "After Image",
      "floor": 10,
      "key": "SMITH"
    },
    {
      "data": "Backflip",
      "floor": 13,
      "key": "SMITH"
    },
    {
      "data": "Survivor",
      "floor": 15,
      "key": "SMITH"
    },
    {
      "floor": 24,
      "key": "REST"
    }
  ],
  "neow_cost": "NO_GOLD",
  "seed_source_timestamp": 90787668308437,
  "circlet_count": 0,
  "master_deck": [
    "AscendersBane",
    "Defend_G",
    "Defend_G",
    "Defend_G",
    "Defend_G",
    "Defend_G",
    "Strike_G",
    "Strike_G",
    "Strike_G",
    "Survivor+1",
    "Neutralize+1",
    "After Image+1",
    "Endless Agony",
    "A Thousand Cuts+1",
    "Concentrate",
    "Backflip+1",
    "PiercingWail",
    "Deadly Poison",
    "RitualDagger",
    "Flying Knee+1",
    "Well Laid Plans",
    "Doubt",
    "Finisher+1"
  ],
  "relics": [
    "Ring of the Snake",
    "Ice Cream",
    "Ninja Scroll",
    "Cursed Key",
    "Girya",
    "Tough Bandages",
    "Thread and Needle"
  ],
  "potions_floor_usage": [
    18,
    20,
    23,
    23,
    23,
    25,
    29
  ],
  "damage_taken": [
    {
      "damage": 4,
      "enemies": "Small Slimes",
      "floor": 1,
      "turns": 5
    },
    {
      "damage": 3,
      "enemies": "2 Louse",
      "floor": 2,
      "turns": 3
    },
    {
      "damage": 0,
      "enemies": "Jaw Worm",
      "floor": 4,
      "turns": 7
    },
    {
      "damage": 15,
      "enemies": "Lagavulin",
      "floor": 7,
      "turns": 9
    },
    {
      "damage": 0,
      "enemies": "Blue Slaver",
      "floor": 12,
      "turns": 4
    },
    {
      "damage": 1,
      "enemies": "Red Slaver",
      "floor": 14,
      "turns": 5
    },
    {
      "damage": 22,
      "enemies": "The Guardian",
      "floor": 16,
      "turns": 16
    },
    {
      "damage": 2,
      "enemies": "Chosen",
      "floor": 18,
      "turns": 6
    },
    {
      "damage": 14,
      "enemies": "Spheric Guardian",
      "floor": 20,
      "turns": 6
    },
    {
      "damage": 8,
      "enemies": "Gremlin Leader",
      "floor": 23,
      "turns": 7
    },
    {
      "damage": 22,
      "enemies": "Book of Stabbing",
      "floor": 25,
      "turns": 6
    },
    {
      "damage": 0,
      "enemies": "3 Cultists",
      "floor": 27,
      "turns": 4
    },
    {
      "damage": 0,
      "enemies": "Centurion and Healer",
      "floor": 28,
      "turns": 9
    },
    {
      "damage": 32,
      "enemies": "Slavers",
      "floor": 29,
      "turns": 4
    }
  ],
  "seed_played": "-6729395183422369171",
  "potions_obtained": [
    {
      "floor": 2,
      "key": "FearPotion"
    },
    {
      "floor": 4,
      "key": "SmokeBomb"
    },
    {
      "floor": 16,
      "key": "EntropicBrew"
    },
    {
      "floor": 18,
      "key": "Ancient Potion"
    },
    {
      "floor": 28,
      "key": "Regen Potion"
    }
  ],
  "is_trial": false,
  "path_per_floor": [
    "M",
    "M",
    "?",
    "M",
    "?",
    "R",
    "E",
    "R",
    "T",
    "R",
    "?",
    "M",
    "R",
    "M",
    "R",
    "B",
    null,
    "M",
    "?",
    "M",
    "?",
    "$",
    "E",
    "R",
    "E",
    "T",
    "M",
    "M",
    "E"
  ],
  "character_chosen": "THE_SILENT",
  "items_purchased": [
    "Well Laid Plans",
    "Explosive Potion"
  ],
  "campfire_rested": 1,
  "item_purchase_floors": [
    22,
    22
  ],
  "current_hp_per_floor": [
    55,
    52,
    52,
    52,
    45,
    45,
    30,
    30,
    30,
    30,
    30,
    30,
    30,
    29,
    29,
    7,
    51,
    49,
    43,
    29,
    29,
    29,
    21,
    40,
    18,
    18,
    18,
    18,
    0
  ],
  "gold": 98,
  "neow_bonus": "THREE_RARE_CARDS",
  "is_prod": false,
  "is_daily": false,
  "chose_seed": false,
  "campfire_upgraded": 5,
  "win_rate": 0,
  "timestamp": 1546642859,
  "path_taken": [
    "M",
    "M",
    "?",
    "M",
    "?",
    "R",
    "E",
    "R",
    "T",
    "R",
    "?",
    "M",
    "R",
    "M",
    "R",
    "BOSS",
    "M",
    "?",
    "M",
    "?",
    "$",
    "E",
    "R",
    "E",
    "T",
    "?",
    "M",
    "E"
  ],
  "build_version": "2019-01-03v3",
  "purchased_purges": 1,
  "victory": false,
  "max_hp_per_floor": [
    66,
    66,
    66,
    66,
    66,
    66,
    66,
    66,
    66,
    66,
    66,
    66,
    66,
    66,
    66,
    66,
    66,
    66,
    66,
    66,
    66,
    66,
    66,
    66,
    66,
    66,
    66,
    66,
    66
  ],
  "card_choices": [
    {
      "not_picked": [
        "Burst",
        "Phantasmal Killer"
      ],
      "picked": "After Image",
      "floor": 0
    },
    {
      "not_picked": [
        "Deflect",
        "Acrobatics"
      ],
      "picked": "Endless Agony",
      "floor": 1
    },
    {
      "not_picked": [
        "Blade Dance",
        "Deflect",
        "Bane"
      ],
      "picked": "SKIP",
      "floor": 2
    },
    {
      "not_picked": [
        "Underhanded Strike",
        "Dodge and Roll"
      ],
      "picked": "A Thousand Cuts",
      "floor": 4
    },
    {
      "not_picked": [
        "Acrobatics",
        "Deadly Poison"
      ],
      "picked": "Concentrate",
      "floor": 7
    },
    {
      "not_picked": [
        "Outmaneuver",
        "Blade Dance"
      ],
      "picked": "Backflip",
      "floor": 12
    },
    {
      "not_picked": [
        "Blade Dance",
        "Tactician"
      ],
      "picked": "PiercingWail",
      "floor": 14
    },
    {
      "not_picked": [
        "Dodge and Roll",
        "Eviscerate"
      ],
      "picked": "Deadly Poison",
      "floor": 18
    },
    {
      "not_picked": [
        "Deflect",
        "Prepared"
      ],
      "picked": "Flying Knee+1",
      "floor": 20
    },
    {
      "not_picked": [
        "Dagger Throw",
        "Masterful Stab",
        "Deflect"
      ],
      "picked": "SKIP",
      "floor": 23
    },
    {
      "not_picked": [
        "Flying Knee",
        "Deflect",
        "Dodge and Roll"
      ],
      "picked": "SKIP",
      "floor": 25
    },
    {
      "not_picked": [
        "Riddle With Holes",
        "Grand Finale",
        "Sucker Punch"
      ],
      "picked": "SKIP",
      "floor": 27
    },
    {
      "not_picked": [
        "Poisoned Stab",
        "Acrobatics"
      ],
      "picked": "Finisher+1",
      "floor": 28
    }
  ],
  "player_experience": 4232186,
  "relics_obtained": [
    {
      "floor": 7,
      "key": "Ice Cream"
    },
    {
      "floor": 9,
      "key": "Ninja Scroll"
    },
    {
      "floor": 23,
      "key": "Girya"
    },
    {
      "floor": 25,
      "key": "Tough Bandages"
    },
    {
      "floor": 26,
      "key": "Thread and Needle"
    }
  ],
  "event_choices": [
    {
      "damage_healed": 0,
      "gold_gain": 0,
      "player_choice": "Leave",
      "damage_taken": 0,
      "max_hp_gain": 0,
      "max_hp_loss": 0,
      "event_name": "The Cleric",
      "floor": 3,
      "gold_loss": 0
    },
    {
      "cards_removed": [
        "Strike_G"
      ],
      "damage_healed": 0,
      "gold_gain": 0,
      "player_choice": "Card Removal",
      "damage_taken": 7,
      "max_hp_gain": 0,
      "max_hp_loss": 0,
      "event_name": "Golden Wing",
      "floor": 5,
      "gold_loss": 0
    },
    {
      "damage_healed": 0,
      "gold_gain": 0,
      "player_choice": "Ignored",
      "damage_taken": 0,
      "max_hp_gain": 0,
      "max_hp_loss": 0,
      "event_name": "Liars Game",
      "floor": 11,
      "gold_loss": 0
    },
    {
      "damage_healed": 0,
      "gold_gain": 0,
      "player_choice": "Joined the Cult",
      "damage_taken": 6,
      "max_hp_gain": 0,
      "max_hp_loss": 0,
      "event_name": "Nest",
      "floor": 19,
      "gold_loss": 0,
      "cards_obtained": [
        "RitualDagger"
      ]
    },
    {
      "damage_healed": 0,
      "gold_gain": 0,
      "player_choice": "Ignored",
      "damage_taken": 0,
      "max_hp_gain": 0,
      "max_hp_loss": 0,
      "event_name": "N\u0027loth",
      "floor": 21,
      "gold_loss": 0
    }
  ],
  "is_beta": true,
  "boss_relics": [
    {
      "not_picked": [
        "HoveringKite",
        "Ring of the Serpent"
      ],
      "picked": "Cursed Key"
    }
  ],
  "items_purged_floors": [
    22
  ],
  "is_endless": false,
  "potions_floor_spawned": [
    2,
    4,
    16,
    18,
    28
  ],
  "killed_by": "Slavers",
  "ascension_level": 20
}