{
  "gold_per_floor": [
    111,
    186,
    24,
    37,
    48,
    79,
    79,
    110,
    185,
    185,
    205,
    233,
    233,
    233,
    233,
    327,
    327,
    352,
    41,
    72,
    72,
    16,
    16,
    441,
    441,
    513,
    526,
    526,
    526,
    539,
    555,
    555,
    555
  ],
  "floor_reached": 33,
  "playtime": 2090,
  "items_purged": [],
  "score": 522,
  "play_id": "bf5218c6-21a3-49fa-b81b-40f0d25147b9",
  "local_time": "20190102135309",
  "is_ascension_mode": true,
  "campfire_choices": [
    {
      "floor": 7,
      "key": "REST"
    },
    {
      "data": "Bash",
      "floor": 10,
      "key": "SMITH"
    },
    {
      "data": "Armaments",
      "floor": 15,
      "key": "SMITH"
    },
    {
      "data": "Demon Form",
      "floor": 23,
      "key": "SMITH"
    },
    {
      "data": "True Grit",
      "floor": 25,
      "key": "SMITH"
    },
    {
      "floor": 28,
      "key": "REST"
    },
    {
      "floor": 32,
      "key": "REST"
    }
  ],
  "neow_cost": "NONE",
  "seed_source_timestamp": 96302738275421,
  "circlet_count": 0,
  "master_deck": [
    "AscendersBane",
    "Strike_R",
    "Strike_R",
    "Strike_R",
    "Strike_R",
    "Strike_R",
    "Defend_R",
    "Defend_R+1",
    "Defend_R",
    "Defend_R+1",
    "Bash+1",
    "Perfected Strike",
    "Perfected Strike",
    "Pommel Strike",
    "Battle Trance",
    "Armaments+1",
    "Immolate",
    "Battle Trance+1",
    "Corruption",
    "True Grit+1",
    "Demon Form+1",
    "Iron Wave+1",
    "Dark Embrace+1",
    "Corruption+1",
    "Flame Barrier"
  ],
  "relics": [
    "Burning Blood",
    "War Paint",
    "Du-Vu Doll",
    "Omamori",
    "Unceasing Top",
    "Bag of Preparation",
    "Golden Idol",
    "Runic Dome",
    "Mummified Hand",
    "Red Mask",
    "Old Coin",
    "Bottled Tornado",
    "Frozen Egg 2",
    "Necronomicon"
  ],
  "potions_floor_usage": [
    11,
    12,
    16,
    27,
    30
  ],
  "damage_taken": [
    {
      "damage": 9,
      "enemies": "2 Louse",
      "floor": 1,
      "turns": 3
    },
    {
      "damage": 7,
      "enemies": "Small Slimes",
      "floor": 4,
      "turns": 4
    },
    {
      "damage": 7,
      "enemies": "Jaw Worm",
      "floor": 5,
      "turns": 4
    },
    {
      "damage": 45,
      "enemies": "3 Sentries",
      "floor": 6,
      "turns": 10
    },
    {
      "damage": 8,
      "enemies": "Gremlin Nob",
      "floor": 8,
      "turns": 3
    },
    {
      "damage": 0,
      "enemies": "Lots of Slimes",
      "floor": 11,
      "turns": 1
    },
    {
      "damage": 20,
      "enemies": "Lagavulin",
      "floor": 12,
      "turns": 7
    },
    {
      "damage": 7,
      "enemies": "The Guardian",
      "floor": 16,
      "turns": 13
    },
    {
      "damage": 0,
      "enemies": "Spheric Guardian",
      "floor": 18,
      "turns": 3
    },
    {
      "damage": 12,
      "enemies": "Masked Bandits",
      "floor": 20,
      "turns": 3
    },
    {
      "damage": 12,
      "enemies": "Colosseum Slavers",
      "floor": 24,
      "turns": 3
    },
    {
      "damage": 36,
      "enemies": "Colosseum Nobs",
      "floor": 24,
      "turns": 4
    },
    {
      "damage": 21,
      "enemies": "3 Byrds",
      "floor": 27,
      "turns": 4
    },
    {
      "damage": 0,
      "enemies": "Shelled Parasite and Fungi",
      "floor": 30,
      "turns": 2
    },
    {
      "damage": 0,
      "enemies": "Chosen and Byrds",
      "floor": 31,
      "turns": 2
    },
    {
      "damage": 59,
      "enemies": "Collector",
      "floor": 33,
      "turns": 6
    }
  ],
  "seed_played": "3143243926762708872",
  "potions_obtained": [
    {
      "floor": 5,
      "key": "LiquidBronze"
    },
    {
      "floor": 6,
      "key": "SkillPotion"
    },
    {
      "floor": 8,
      "key": "AttackPotion"
    },
    {
      "floor": 11,
      "key": "SpeedPotion"
    },
    {
      "floor": 27,
      "key": "SpeedPotion"
    }
  ],
  "is_trial": false,
  "path_per_floor": [
    "M",
    "?",
    "$",
    "M",
    "M",
    "E",
    "R",
    "E",
    "T",
    "R",
    "M",
    "E",
    "?",
    "?",
    "R",
    "B",
    null,
    "M",
    "$",
    "?",
    "?",
    "$",
    "R",
    "?",
    "R",
    "T",
    "M",
    "R",
    "?",
    "M",
    "M",
    "R",
    "B"
  ],
  "character_chosen": "IRONCLAD",
  "items_purchased": [
    "War Paint",
    "Corruption",
    "Mummified Hand",
    "Explosive Potion"
  ],
  "campfire_rested": 3,
  "item_purchase_floors": [
    3,
    19,
    19,
    22
  ],
  "current_hp_per_floor": [
    72,
    61,
    61,
    60,
    59,
    20,
    44,
    42,
    42,
    42,
    48,
    34,
    34,
    34,
    34,
    33,
    70,
    76,
    76,
    70,
    70,
    70,
    70,
    34,
    34,
    34,
    19,
    43,
    22,
    28,
    34,
    58,
    0
  ],
  "gold": 555,
  "neow_bonus": "TEN_PERCENT_HP_BONUS",
  "is_prod": false,
  "is_daily": false,
  "chose_seed": false,
  "campfire_upgraded": 4,
  "win_rate": 0,
  "timestamp": 1546465989,
  "path_taken": [
    "M",
    "?",
    "$",
    "M",
    "M",
    "E",
    "R",
    "E",
    "T",
    "R",
    "M",
    "E",
    "?",
    "?",
    "R",
    "BOSS",
    "M",
    "$",
    "?",
    "?",
    "$",
    "R",
    "?",
    "R",
    "T",
    "M",
    "R",
    "?",
    "?",
    "M",
    "R",
    "BOSS"
  ],
  "build_version": "2019-01-01v2",
  "purchased_purges": 0,
  "victory": false,
  "max_hp_per_floor": [
    82,
    82,
    82,
    82,
    82,
    82,
    82,
    82,
    82,
    82,
    82,
    82,
    82,
    82,
    82,
    82,
    82,
    82,
    82,
    82,
    82,
    82,
    82,
    82,
    82,
    82,
    82,
    82,
    82,
    82,
    82,
    82,
    82
  ],
  "card_choices": [
    {
      "not_picked": [
        "Heavy Blade",
        "Warcry"
      ],
      "picked": "Perfected Strike",
      "floor": 1
    },
    {
      "not_picked": [
        "Armaments",
        "Burning Pact"
      ],
      "picked": "Perfected Strike",
      "floor": 4
    },
    {
      "not_picked": [
        "Sentinel",
        "Reckless Charge"
      ],
      "picked": "Pommel Strike",
      "floor": 5
    },
    {
      "not_picked": [
        "Warcry",
        "Shrug It Off"
      ],
      "picked": "Battle Trance",
      "floor": 6
    },
    {
      "not_picked": [
        "Intimidate",
        "Body Slam",
        "Cleave"
      ],
      "picked": "SKIP",
      "floor": 8
    },
    {
      "not_picked": [
        "Clash",
        "Body Slam",
        "Intimidate"
      ],
      "picked": "SKIP",
      "floor": 11
    },
    {
      "not_picked": [
        "Carnage",
        "Rupture"
      ],
      "picked": "Armaments",
      "floor": 12
    },
    {
      "not_picked": [
        "Bludgeon",
        "Limit Break"
      ],
      "picked": "Immolate",
      "floor": 16
    },
    {
      "not_picked": [
        "Pommel Strike",
        "Sentinel+1"
      ],
      "picked": "Battle Trance+1",
      "floor": 18
    },
    {
      "not_picked": [
        "Armaments",
        "Sword Boomerang"
      ],
      "picked": "True Grit",
      "floor": 20
    },
    {
      "not_picked": [
        "Cleave",
        "Anger"
      ],
      "picked": "Iron Wave+1",
      "floor": 24
    },
    {
      "not_picked": [
        "Cleave",
        "Corruption+1"
      ],
      "picked": "Dark Embrace+1",
      "floor": 27
    },
    {
      "not_picked": [
        "Clothesline",
        "Pommel Strike+1"
      ],
      "picked": "Corruption+1",
      "floor": 30
    },
    {
      "not_picked": [
        "Blood for Blood",
        "Sever Soul+1"
      ],
      "picked": "Flame Barrier",
      "floor": 31
    }
  ],
  "player_experience": 4194201,
  "relics_obtained": [
    {
      "floor": 6,
      "key": "Du-Vu Doll"
    },
    {
      "floor": 8,
      "key": "Omamori"
    },
    {
      "floor": 12,
      "key": "Unceasing Top"
    },
    {
      "floor": 20,
      "key": "Red Mask"
    },
    {
      "floor": 24,
      "key": "Old Coin"
    },
    {
      "floor": 24,
      "key": "Bottled Tornado"
    },
    {
      "floor": 26,
      "key": "Frozen Egg 2"
    },
    {
      "floor": 29,
      "key": "Necronomicon"
    }
  ],
  "event_choices": [
    {
      "damage_healed": 0,
      "gold_gain": 75,
      "player_choice": "Gather Gold",
      "damage_taken": 11,
      "max_hp_gain": 0,
      "max_hp_loss": 0,
      "event_name": "World of Goop",
      "floor": 2,
      "gold_loss": 0
    },
    {
      "damage_healed": 0,
      "gold_gain": 0,
      "player_choice": "Searched \u00271\u0027 times",
      "damage_taken": 0,
      "relics_obtained": [
        "Bag of Preparation"
      ],
      "max_hp_gain": 0,
      "max_hp_loss": 0,
      "event_name": "Dead Adventurer",
      "floor": 13,
      "gold_loss": 0
    },
    {
      "damage_healed": 0,
      "gold_gain": 0,
      "player_choice": "Take Wound",
      "damage_taken": 0,
      "relics_obtained": [
        "Golden Idol"
      ],
      "max_hp_gain": 0,
      "max_hp_loss": 0,
      "event_name": "Golden Idol",
      "floor": 14,
      "gold_loss": 0,
      "cards_obtained": [
        "Injury"
      ]
    },
    {
      "damage_healed": 0,
      "gold_gain": 0,
      "player_choice": "Fought Bandits",
      "damage_taken": 0,
      "max_hp_gain": 0,
      "max_hp_loss": 0,
      "event_name": "Masked Bandits",
      "floor": 20,
      "gold_loss": 0
    },
    {
      "damage_healed": 0,
      "gold_gain": 0,
      "player_choice": "Read",
      "damage_taken": 0,
      "max_hp_gain": 0,
      "max_hp_loss": 0,
      "event_name": "The Library",
      "floor": 21,
      "gold_loss": 0,
      "cards_obtained": [
        "Demon Form"
      ]
    },
    {
      "damage_healed": 0,
      "gold_gain": 0,
      "player_choice": "Fight",
      "damage_taken": 0,
      "max_hp_gain": 0,
      "max_hp_loss": 0,
      "event_name": "Colosseum",
      "floor": 24,
      "gold_loss": 0
    },
    {
      "damage_healed": 0,
      "gold_gain": 0,
      "player_choice": "Fought Nobs",
      "damage_taken": 0,
      "max_hp_gain": 0,
      "max_hp_loss": 0,
      "event_name": "Colosseum",
      "floor": 24,
      "gold_loss": 0
    },
    {
      "damage_healed": 0,
      "gold_gain": 0,
      "player_choice": "Obtained Book",
      "damage_taken": 21,
      "max_hp_gain": 0,
      "max_hp_loss": 0,
      "event_name": "Cursed Tome",
      "floor": 29,
      "gold_loss": 0
    }
  ],
  "is_beta": true,
  "boss_relics": [
    {
      "not_picked": [
        "Ectoplasm",
        "Runic Cube"
      ],
      "picked": "Runic Dome"
    }
  ],
  "items_purged_floors": [],
  "is_endless": false,
  "potions_floor_spawned": [
    5,
    6,
    8,
    11,
    24,
    27
  ],
  "killed_by": "Collector",
  "ascension_level": 20
}