{"gold_per_floor":[111,111,129,129,54,80,80,114,185,203,261,273,273,298,298,375,375,391,410,68,83,83,83,42,42,88,120,120,138,138,153,153,153],"floor_reached":33,"playtime":2086,"items_purged":["Defend_B"],"score":786,"play_id":"9e24af94-5402-42a0-93e6-c3f665cebfab","local_time":"20190113135609","is_ascension_mode":true,"campfire_choices":[{"data":"Zap","floor":7,"key":"SMITH"},{"data":"Reinforced Body","floor":13,"key":"SMITH"},{"data":"Glacier","floor":15,"key":"SMITH"},{"data":"Storm","floor":23,"key":"SMITH"},{"data":"Capacitor","floor":25,"key":"SMITH"},{"data":"Creative AI","floor":28,"key":"SMITH"},{"floor":30,"key":"REST"},{"floor":32,"key":"REST"}],"neow_cost":"NONE","seed_source_timestamp":377276108024117,"circlet_count":0,"master_deck":["AscendersBane","Strike_B","Strike_B","Strike_B","Strike_B","Defend_B","Defend_B","Zap+1","Dualcast","Reinforced Body+1","Glacier+1","Core Surge","Ball Lightning","Storm+1","Ball Lightning","Creative AI+1","Conserve Battery","Capacitor+1","Heatsinks","Heatsinks","Thunder Strike","Conserve Battery"],"relics":["Cracked Core","NeowsBlessing","Omamori","Pocketwatch","Bottled Lightning","Tiny Chest","Du-Vu Doll","Nuclear Battery","Meat on the Bone","Orichalcum","Vajra","Pen Nib"],"potions_floor_usage":[6,8,11,16,18,21,27,29,29,29],"damage_taken":[{"damage":0,"enemies":"Small Slimes","floor":1,"turns":1},{"damage":0,"enemies":"Cultist","floor":3,"turns":1},{"damage":0,"enemies":"Lagavulin","floor":6,"turns":4},{"damage":22,"enemies":"Gremlin Nob","floor":8,"turns":4},{"damage":1,"enemies":"Jaw Worm","floor":10,"turns":2},{"damage":0,"enemies":"Lagavulin","floor":11,"turns":5},{"damage":7,"enemies":"Exordium Thugs","floor":12,"turns":5},{"damage":1,"enemies":"3 Sentries","floor":14,"turns":7},{"damage":0,"enemies":"Slime Boss","floor":16,"turns":5},{"damage":5,"enemies":"2 Thieves","floor":18,"turns":4},{"damage":2,"enemies":"Shell Parasite","floor":19,"turns":5},{"damage":6,"enemies":"Shelled Parasite and Fungi","floor":21,"turns":7},{"damage":48,"enemies":"Book of Stabbing","floor":27,"turns":5},{"damage":24,"enemies":"3 Cultists","floor":29,"turns":4},{"damage":28,"enemies":"Centurion and Healer","floor":31,"turns":6},{"damage":57,"enemies":"Automaton","floor":33,"turns":6}],"seed_played":"-8730586425788534760","potions_obtained":[{"floor":1,"key":"Weak Potion"},{"floor":4,"key":"Regen Potion"},{"floor":8,"key":"Fire Potion"},{"floor":10,"key":"FocusPotion"},{"floor":12,"key":"FearPotion"},{"floor":16,"key":"Weak Potion"},{"floor":19,"key":"Regen Potion"},{"floor":21,"key":"EntropicBrew"},{"floor":27,"key":"Dexterity Potion"}],"is_trial":false,"path_per_floor":["M","?","M","?","$","E","R","E","T","M","E","M","R","E","R","B",null,"M","M","$","M","T","R","$","R","T","E","R","M","R","M","R","B"],"character_chosen":"DEFECT","items_purchased":["Meat on the Bone","Capacitor","Heatsinks"],"campfire_rested":2,"item_purchase_floors":[20,20,24],"current_hp_per_floor":[64,57,57,57,57,69,69,47,47,46,46,39,39,38,38,38,63,58,56,56,65,65,65,65,65,65,29,29,22,43,27,48,0],"gold":153,"neow_bonus":"THREE_ENEMY_KILL","is_prod":false,"is_daily":false,"chose_seed":false,"campfire_upgraded":6,"win_rate":0,"timestamp":1547416569,"path_taken":["M","?","M","?","$","E","R","E","T","M","E","M","R","E","R","BOSS","M","?","$","?","?","R","?","R","T","E","R","M","R","M","R","BOSS"],"build_version":"2019-01-10","purchased_purges":1,"victory":false,"max_hp_per_floor":[71,71,71,71,71,71,71,71,71,71,71,71,71,71,71,71,71,71,71,71,71,71,71,71,71,71,71,71,71,71,71,71,71],"card_choices":[{"not_picked":["Redo","Steam"],"picked":"Reinforced Body","floor":1},{"not_picked":["Aggregate","Conserve Battery"],"picked":"Glacier","floor":3},{"not_picked":["Beam Cell","Conserve Battery"],"picked":"Core Surge","floor":6},{"not_picked":["Meteor Strike","Barrage"],"picked":"Ball Lightning","floor":8},{"not_picked":["Cold Snap","Go for the Eyes","Streamline"],"picked":"SKIP","floor":10},{"not_picked":["Turbo","Steam"],"picked":"Storm","floor":11},{"not_picked":["Cold Snap","Hologram"],"picked":"Ball Lightning","floor":12},{"not_picked":["Turbo","All For One","Ball Lightning"],"picked":"SKIP","floor":14},{"not_picked":["Rainbow","Reboot"],"picked":"Creative AI","floor":16},{"not_picked":["Compile Driver+1","Reprogram"],"picked":"Conserve Battery","floor":18},{"not_picked":["Turbo","Streamline","Force Field"],"picked":"SKIP","floor":19},{"not_picked":["Stack","Conserve Battery"],"picked":"Heatsinks","floor":21},{"not_picked":["Gash","FTL"],"picked":"Thunder Strike","floor":27},{"not_picked":["Rebound+1","Doom and Gloom"],"picked":"Conserve Battery","floor":29},{"not_picked":["Gash+1","Compile Driver","Fission"],"picked":"SKIP","floor":31}],"player_experience":4330273,"relics_obtained":[{"floor":6,"key":"Omamori"},{"floor":8,"key":"Pocketwatch"},{"floor":9,"key":"Bottled Lightning"},{"floor":11,"key":"Tiny Chest"},{"floor":14,"key":"Du-Vu Doll"},{"floor":22,"key":"Orichalcum"},{"floor":26,"key":"Vajra"},{"floor":27,"key":"Pen Nib"}],"event_choices":[{"cards_removed":["Defend_B"],"damage_healed":0,"gold_gain":0,"player_choice":"Card Removal","damage_taken":7,"max_hp_gain":0,"max_hp_loss":0,"event_name":"Golden Wing","floor":2,"gold_loss":0},{"damage_healed":0,"gold_gain":0,"player_choice":"Got Potions","damage_taken":0,"max_hp_gain":0,"max_hp_loss":0,"event_name":"Lab","floor":4,"gold_loss":0}],"is_beta":true,"boss_relics":[{"not_picked":["Philosopher\u0027s Stone","Astrolabe"],"picked":"Nuclear Battery"}],"items_purged_floors":[5],"is_endless":false,"potions_floor_spawned":[1,8,10,12,14,16,19,21,27],"killed_by":"Automaton","ascension_level":20}