{"gold_per_floor":[111,261,21,34,53,82,82,116,116,143,143,169,169,183,183,254,254,254,179,179,179,179,179,179,179,179,179,179,179,23,23,23,23,23,23,23,23,23,23,23,23,23,23,23,23,23,23,23,23,23,23,23,23,23,23,23],"floor_reached":56,"playtime":5494,"items_purged":["Doubt","Strike_B"],"score":2206,"play_id":"991db227-834d-4509-af3c-aec384e35f09","local_time":"20190115151812","is_ascension_mode":true,"campfire_choices":[{"data":"Defragment","floor":7,"key":"SMITH"},{"data":"Zap","floor":11,"key":"SMITH"},{"data":"Electrodynamics","floor":13,"key":"SMITH"},{"data":"Chill","floor":15,"key":"SMITH"},{"data":"Seek","floor":23,"key":"SMITH"},{"data":"Blizzard","floor":32,"key":"SMITH"},{"floor":47,"key":"RECALL"},{"data":"Coolheaded","floor":49,"key":"SMITH"},{"data":"Storm","floor":53,"key":"SMITH"}],"neow_cost":"NONE","seed_source_timestamp":16388883463000,"circlet_count":0,"master_deck":["AscendersBane","Strike_B","Defend_B","Defend_B","Defend_B+1","Defend_B","Zap+1","Dualcast","Defragment+1","Chill+1","Rebound","Compile Driver","Coolheaded+1","Glacier+1","Electrodynamics+1","Hologram","Seek+1","Darkness+1","Capacitor","FTL","Leap+1","Blizzard+1","Coolheaded","Loop","Seek","Rip and Tear","Storm+1","Storm","Reinforced Body+1","Thunder Strike","Reinforced Body+1","Thunder Strike"],"relics":["Cracked Core","PreservedInsect","Bottled Tornado","Dead Branch","Pantograph","Omamori","Bag of Marbles","Ectoplasm","Red Mask","Centennial Puzzle","MawBank","Bag of Preparation","Orichalcum","Cursed Key","War Paint","Pen Nib","Boot","Sundial"],"potions_floor_usage":[6,12,16,18,20,31,35,38,45,50,56,56],"damage_taken":[{"damage":1,"enemies":"Cultist","floor":1,"turns":4},{"damage":0,"enemies":"2 Louse","floor":4,"turns":2},{"damage":12,"enemies":"Jaw Worm","floor":5,"turns":3},{"damage":5,"enemies":"3 Sentries","floor":6,"turns":11},{"damage":12,"enemies":"Lagavulin","floor":8,"turns":5},{"damage":8,"enemies":"Gremlin Nob","floor":10,"turns":3},{"damage":0,"enemies":"3 Sentries","floor":12,"turns":5},{"damage":4,"enemies":"Large Slime","floor":14,"turns":3},{"damage":26,"enemies":"Hexaghost","floor":16,"turns":9},{"damage":0,"enemies":"3 Byrds","floor":18,"turns":3},{"damage":0,"enemies":"Masked Bandits","floor":20,"turns":2},{"damage":14,"enemies":"Chosen","floor":22,"turns":4},{"damage":21,"enemies":"Book of Stabbing","floor":24,"turns":4},{"damage":0,"enemies":"Centurion and Healer","floor":25,"turns":5},{"damage":3,"enemies":"Shelled Parasite and Fungi","floor":27,"turns":5},{"damage":1,"enemies":"Sentry and Sphere","floor":29,"turns":3},{"damage":0,"enemies":"Slavers","floor":31,"turns":2},{"damage":0,"enemies":"Automaton","floor":33,"turns":8},{"damage":0,"enemies":"Orb Walker","floor":35,"turns":4},{"damage":1,"enemies":"3 Darklings","floor":36,"turns":3},{"damage":10,"enemies":"Transient","floor":38,"turns":6},{"damage":13,"enemies":"Giant Head","floor":40,"turns":6},{"damage":5,"enemies":"Nemesis","floor":42,"turns":5},{"damage":6,"enemies":"Giant Head","floor":44,"turns":6},{"damage":0,"enemies":"Jaw Worm Horde","floor":46,"turns":3},{"damage":0,"enemies":"Spire Growth","floor":48,"turns":3},{"damage":46,"enemies":"Awakened One","floor":50,"turns":24},{"damage":38,"enemies":"Donu and Deca","floor":51,"turns":6},{"damage":4,"enemies":"Shield and Spear","floor":55,"turns":5},{"damage":98,"enemies":"The Heart","floor":56,"turns":5}],"seed_played":"-8387746118510900681","potions_obtained":[{"floor":1,"key":"Ancient Potion"},{"floor":5,"key":"SkillPotion"},{"floor":10,"key":"SneckoOil"},{"floor":12,"key":"LiquidBronze"},{"floor":16,"key":"SkillPotion"},{"floor":20,"key":"Energy Potion"},{"floor":27,"key":"Energy Potion"},{"floor":29,"key":"FocusPotion"},{"floor":31,"key":"SkillPotion"},{"floor":33,"key":"Fruit Juice"},{"floor":35,"key":"PowerPotion"},{"floor":44,"key":"SteroidPotion"},{"floor":45,"key":"Fruit Juice"},{"floor":45,"key":"SmokeBomb"},{"floor":48,"key":"GamblersBrew"},{"floor":55,"key":"Regen Potion"}],"is_trial":false,"path_per_floor":["M","?","$","M","M","E","R","E","T","E","R","E","R","M","R","B",null,"M","?","?","T","M","R","E","M","T","M","?","M","$","E","R","B",null,"M","M","?","M","$","E","$","E","T","E","?","M","R","M","R","B","B",null,"R","$","E","B"],"character_chosen":"DEFECT","items_purchased":["PreservedInsect","Coolheaded"],"campfire_rested":0,"item_purchase_floors":[3,30],"current_hp_per_floor":[70,70,70,70,58,53,53,41,41,33,33,33,33,29,29,28,66,66,66,66,66,52,52,31,31,31,28,28,27,27,27,27,52,72,77,76,76,66,66,53,53,48,48,42,47,47,47,47,47,26,13,69,69,69,65,0],"gold":23,"neow_bonus":"TEN_PERCENT_HP_BONUS","is_prod":false,"is_daily":false,"chose_seed":false,"campfire_upgraded":8,"win_rate":0,"timestamp":1547594292,"path_taken":["M","?","$","M","M","E","R","E","T","E","R","E","R","M","R","BOSS","M","?","?","?","M","R","E","M","T","M","?","M","$","E","R","BOSS","M","M","?","?","?","E","$","E","T","E","?","M","R","M","R","BOSS","BOSS","R","$","E","BOSS"],"build_version":"2019-01-14v2","purchased_purges":2,"victory":false,"max_hp_per_floor":[78,78,78,78,78,78,78,78,78,78,78,78,78,78,78,78,78,78,78,78,78,78,78,78,78,78,78,78,78,78,78,78,78,78,83,83,83,83,83,83,83,83,83,83,88,88,88,88,88,88,88,88,88,88,88,88],"card_choices":[{"not_picked":["Gash","Ball Lightning"],"picked":"Defragment","floor":1},{"not_picked":["Storm","Scrape"],"picked":"Chill","floor":4},{"not_picked":["Gash","Streamline"],"picked":"Rebound","floor":5},{"not_picked":["Heatsinks","Coolheaded"],"picked":"Compile Driver","floor":6},{"not_picked":["Meteor Strike","Sweeping Beam"],"picked":"Coolheaded","floor":8},{"not_picked":["Fusion","Streamline"],"picked":"Glacier","floor":10},{"not_picked":["Steam","Self Repair"],"picked":"Electrodynamics","floor":12},{"not_picked":["Steam","Hello World"],"picked":"Hologram","floor":14},{"not_picked":["Fission","Echo Form"],"picked":"Seek","floor":16},{"not_picked":["Redo","Go for the Eyes","Cold Snap"],"picked":"SKIP","floor":18},{"not_picked":["Compile Driver","Conserve Battery"],"picked":"Darkness+1","floor":20},{"not_picked":["Hologram","Consume","Sunder"],"picked":"SKIP","floor":22},{"not_picked":["Scrape","Hyperbeam"],"picked":"Capacitor","floor":24},{"not_picked":["Chaos+1","Leap"],"picked":"FTL","floor":25},{"not_picked":["Hello World","Ball Lightning+1"],"picked":"Leap+1","floor":27},{"not_picked":["Ball Lightning","Hologram"],"picked":"Blizzard","floor":29},{"not_picked":["Scrape","Hologram"],"picked":"Loop","floor":31},{"not_picked":["Machine Learning","Amplify"],"picked":"Seek","floor":33},{"not_picked":["Go for the Eyes","Scrape","Gash"],"picked":"SKIP","floor":35},{"not_picked":["Chaos","Turbo","Streamline"],"picked":"SKIP","floor":36},{"not_picked":["Blizzard","Compile Driver"],"picked":"Storm","floor":38},{"not_picked":["Leap","Reprogram"],"picked":"Storm","floor":40},{"not_picked":["Static Discharge","Stack"],"picked":"Reinforced Body+1","floor":42},{"not_picked":["Undo","Blizzard"],"picked":"Thunder Strike","floor":44},{"not_picked":["Go for the Eyes","Genetic Algorithm"],"picked":"Reinforced Body+1","floor":46},{"not_picked":["Sunder","Auto Shields+1","Redo+1"],"picked":"SKIP","floor":48},{"not_picked":["Beam Cell","Turbo"],"picked":"Thunder Strike","floor":55}],"player_experience":4353266,"relics_obtained":[{"floor":6,"key":"Bottled Tornado"},{"floor":8,"key":"Dead Branch"},{"floor":9,"key":"Pantograph"},{"floor":10,"key":"Omamori"},{"floor":12,"key":"Bag of Marbles"},{"floor":20,"key":"Red Mask"},{"floor":21,"key":"Centennial Puzzle"},{"floor":24,"key":"MawBank"},{"floor":26,"key":"Bag of Preparation"},{"floor":31,"key":"Orichalcum"},{"floor":40,"key":"War Paint"},{"floor":42,"key":"Pen Nib"},{"floor":44,"key":"Boot"},{"floor":55,"key":"Sundial"}],"event_choices":[{"damage_healed":0,"gold_gain":150,"player_choice":"AGREE","damage_taken":0,"max_hp_gain":0,"max_hp_loss":0,"event_name":"Liars Game","floor":2,"gold_loss":0,"cards_obtained":["Doubt"]},{"cards_removed":["Strike_B"],"damage_healed":0,"gold_gain":0,"player_choice":"Gave Gold","damage_taken":0,"max_hp_gain":0,"max_hp_loss":0,"event_name":"Beggar","floor":19,"gold_loss":75},{"damage_healed":0,"gold_gain":0,"player_choice":"Fought Bandits","damage_taken":0,"max_hp_gain":0,"max_hp_loss":0,"event_name":"Masked Bandits","floor":20,"gold_loss":0},{"damage_healed":0,"gold_gain":0,"player_choice":"Ignored","damage_taken":0,"max_hp_gain":0,"max_hp_loss":0,"event_name":"Vampires","floor":28,"gold_loss":0},{"damage_healed":0,"gold_gain":0,"cards_transformed":["Strike_B"],"player_choice":"Transformed","damage_taken":0,"max_hp_gain":0,"max_hp_loss":0,"event_name":"Transmorgrifier","floor":37,"gold_loss":0,"cards_obtained":["Rip and Tear"]},{"damage_healed":0,"gold_gain":0,"player_choice":"Got Potions","damage_taken":0,"max_hp_gain":0,"max_hp_loss":0,"event_name":"Lab","floor":45,"gold_loss":0}],"is_beta":true,"boss_relics":[{"not_picked":["Busted Crown","Nuclear Battery"],"picked":"Ectoplasm"},{"not_picked":["Eternal Feather","Calling Bell"],"picked":"Cursed Key"}],"items_purged_floors":[3,30],"is_endless":false,"potions_floor_spawned":[1,5,10,12,16,20,27,29,31,33,35,36,44,48,55],"killed_by":"The Heart","ascension_level":20}