{"gold_per_floor":[119,119,119,139,156,156,191,191,191,241,241],"floor_reached":11,"playtime":343,"items_purged":[],"score":142,"play_id":"097f3deb-da0f-4cb7-83ec-478c5bbb4257","local_time":"20190116142245","is_ascension_mode":true,"campfire_choices":[{"floor":6,"key":"REST"},{"data":"Poisoned Stab","floor":8,"key":"SMITH"}],"neow_cost":"NONE","seed_source_timestamp":104607551731298,"circlet_count":0,"master_deck":["AscendersBane","Defend_G","Defend_G","Defend_G","Defend_G","Defend_G","Strike_G","Strike_G","Strike_G","Strike_G","Survivor","Neutralize","Poisoned Stab+1"],"relics":["Ring of the Snake","Ornamental Fan","Pen Nib","Dodecahedron"],"potions_floor_usage":[7,7],"damage_taken":[{"damage":5,"enemies":"Small Slimes","floor":1,"turns":6},{"damage":0,"enemies":"2 Louse","floor":4,"turns":3},{"damage":0,"enemies":"Cultist","floor":5,"turns":6},{"damage":3,"enemies":"Gremlin Nob","floor":7,"turns":3},{"damage":37,"enemies":"Lagavulin","floor":11,"turns":6}],"seed_played":"3626253803887171117","potions_obtained":[{"floor":1,"key":"Fire Potion"},{"floor":4,"key":"FearPotion"}],"is_trial":false,"path_per_floor":["M","?","?","M","M","R","E","R","T","?","E"],"character_chosen":"THE_SILENT","items_purchased":[],"campfire_rested":1,"item_purchase_floors":[],"current_hp_per_floor":[54,59,14,14,14,35,32,32,32,32,0],"gold":241,"neow_bonus":"REMOVE_CARD","is_prod":false,"is_daily":false,"chose_seed":false,"campfire_upgraded":1,"win_rate":0,"timestamp":1547677365,"path_taken":["M","?","?","M","M","R","E","R","T","?","E"],"build_version":"2019-01-14v2","purchased_purges":0,"victory":false,"max_hp_per_floor":[66,71,71,71,71,71,71,71,71,71,71],"card_choices":[{"not_picked":["Riddle With Holes","Sucker Punch","Blade Dance"],"picked":"SKIP","floor":1},{"not_picked":["Prepared","Setup","Acrobatics"],"picked":"SKIP","floor":4},{"not_picked":["Sucker Punch","Predator"],"picked":"Poisoned Stab","floor":5},{"not_picked":["Prepared","Setup","Sucker Punch"],"picked":"SKIP","floor":7}],"player_experience":4369744,"relics_obtained":[{"floor":7,"key":"Pen Nib"},{"floor":9,"key":"Dodecahedron"}],"event_choices":[{"damage_healed":0,"gold_gain":0,"player_choice":"Donut","damage_taken":0,"max_hp_gain":5,"max_hp_loss":0,"event_name":"Big Fish","floor":2,"gold_loss":0},{"damage_healed":0,"gold_gain":0,"player_choice":"Success","damage_taken":45,"relics_obtained":["Ornamental Fan"],"max_hp_gain":0,"max_hp_loss":0,"event_name":"Scrap Ooze","floor":3,"gold_loss":0},{"damage_healed":0,"gold_gain":50,"player_choice":"Pray","damage_taken":0,"max_hp_gain":0,"max_hp_loss":0,"event_name":"Golden Shrine","floor":10,"gold_loss":0}],"is_beta":true,"boss_relics":[],"items_purged_floors":[],"is_endless":false,"potions_floor_spawned":[1,4,5],"killed_by":"Lagavulin","ascension_level":20}