{"gold_per_floor":[119,136,211,228,247,247,282,282,282,310,270],"floor_reached":11,"playtime":603,"items_purged":[],"score":166,"play_id":"f81e4a71-0149-4dfb-bf8c-74104bd2d36a","local_time":"20190115134625","is_ascension_mode":true,"campfire_choices":[{"data":"Neutralize","floor":6,"key":"SMITH"},{"floor":8,"key":"REST"}],"neow_cost":"NONE","seed_source_timestamp":15767924142886,"circlet_count":0,"master_deck":["AscendersBane","Defend_G","Defend_G","Defend_G","Defend_G","Defend_G","Strike_G","Strike_G","Strike_G","Strike_G","Strike_G","Survivor","Neutralize+1","Quick Slash","Quick Slash","Dash","Dagger Spray","Dash"],"relics":["Ring of the Snake","Bag of Preparation","Thread and Needle","The Courier","Frozen Egg 2"],"potions_floor_usage":[7,10],"damage_taken":[{"damage":0,"enemies":"2 Louse","floor":1,"turns":3},{"damage":8,"enemies":"Jaw Worm","floor":2,"turns":6},{"damage":1,"enemies":"Cultist","floor":4,"turns":5},{"damage":5,"enemies":"3 Louse","floor":5,"turns":5},{"damage":18,"enemies":"Gremlin Nob","floor":7,"turns":5},{"damage":31,"enemies":"Lagavulin","floor":10,"turns":8},{"damage":4,"enemies":"Looter","floor":11,"turns":2}],"seed_played":"8605398973304994316","potions_obtained":[{"floor":2,"key":"Ancient Potion"},{"floor":7,"key":"Energy Potion"},{"floor":10,"key":"LiquidBronze"}],"is_trial":false,"path_per_floor":["M","M","?","M","M","R","E","R","T","E","M"],"character_chosen":"THE_SILENT","items_purchased":[],"campfire_rested":1,"item_purchase_floors":[],"current_hp_per_floor":[59,51,40,39,34,34,16,35,35,4,0],"gold":270,"neow_bonus":"RANDOM_COMMON_RELIC","is_prod":false,"is_daily":false,"chose_seed":false,"campfire_upgraded":1,"win_rate":0,"timestamp":1547588785,"path_taken":["M","M","?","M","M","R","E","R","T","E","M"],"build_version":"2019-01-14v2","purchased_purges":0,"victory":false,"max_hp_per_floor":[66,66,66,66,66,66,66,66,66,66,66],"card_choices":[{"not_picked":["Bane","Outmaneuver"],"picked":"Quick Slash","floor":1},{"not_picked":["Endless Agony","Deflect","Accuracy"],"picked":"SKIP","floor":2},{"not_picked":["Acrobatics","Dodge and Roll"],"picked":"Quick Slash","floor":4},{"not_picked":["Concentrate","Quick Slash"],"picked":"Dash","floor":5},{"not_picked":["Outmaneuver","Concentrate"],"picked":"Dagger Spray","floor":7},{"not_picked":["Flechettes","Terror"],"picked":"Dash","floor":10}],"player_experience":4352663,"relics_obtained":[{"floor":7,"key":"Thread and Needle"},{"floor":9,"key":"The Courier"},{"floor":10,"key":"Frozen Egg 2"}],"event_choices":[{"damage_healed":0,"gold_gain":75,"player_choice":"Gather Gold","damage_taken":11,"max_hp_gain":0,"max_hp_loss":0,"event_name":"World of Goop","floor":3,"gold_loss":0}],"is_beta":true,"boss_relics":[],"items_purged_floors":[],"is_endless":false,"potions_floor_spawned":[2,7,10],"killed_by":"Looter","ascension_level":20}