{"gold_per_floor":[365,42,57,57,73,99,99,126,126,126,26,59,78,97,97,174,174,150,250,200,218,45,55,55,85,138,138,171,171,202,217,217,288,288,299,299,313,92,109,109,140,140,166,194,194,223,241,272,272,272,272,272,272,14,14],"floor_reached":55,"playtime":4828,"items_purged":["Pain","Strike_R","Strike_R","Strike_R"],"score":2097,"play_id":"fad0c09c-9225-4214-8feb-676d3d357eb8","local_time":"20190118152358","is_ascension_mode":true,"campfire_choices":[{"data":"Dark Embrace","floor":10,"key":"SMITH"},{"data":"Shockwave","floor":15,"key":"SMITH"},{"data":"Combust","floor":24,"key":"SMITH"},{"data":"True Grit","floor":29,"key":"SMITH"},{"data":"Rampage","floor":32,"key":"SMITH"},{"data":"Juggernaut","floor":40,"key":"SMITH"},{"data":"Disarm","floor":42,"key":"SMITH"},{"floor":49,"key":"RECALL"},{"data":"Demon Form","floor":53,"key":"SMITH"}],"neow_cost":"CURSE","seed_source_timestamp":28003734922504,"circlet_count":0,"master_deck":["AscendersBane","Strike_R","Strike_R","Defend_R","Defend_R","Defend_R","Bash+1","Flame Barrier+1","Rampage+1","Infernal Blade","Dark Embrace+1","Shockwave+1","Evolve","Feel No Pain","Reaper","True Grit+1","Combust+1","Offering","True Grit","Impervious","Juggernaut+1","Metallicize","Disarm+1","Normality","Demon Form+1","Offering","Evolve","Inflame","Rupture","Twin Strike"],"relics":["Burning Blood","Centennial Puzzle","PreservedInsect","Sundial","Pear","Omamori","Cursed Key","Pocketwatch","The Courier","Lee\u0027s Waffle","WingedGreaves","Bronze Scales","Prayer Wheel","Bag of Preparation","Snecko Eye","Ginger","Smiling Mask","Art of War","Bottled Lightning"],"potions_floor_usage":[8,16,18,19,19,25,25,46,46],"damage_taken":[{"damage":12,"enemies":"Cultist","floor":1,"turns":4},{"damage":5,"enemies":"Small Slimes","floor":3,"turns":3},{"damage":0,"enemies":"2 Louse","floor":5,"turns":4},{"damage":35,"enemies":"Lagavulin","floor":6,"turns":7},{"damage":8,"enemies":"Gremlin Nob","floor":8,"turns":3},{"damage":19,"enemies":"3 Sentries","floor":12,"turns":6},{"damage":4,"enemies":"Red Slaver","floor":13,"turns":4},{"damage":1,"enemies":"Looter","floor":14,"turns":2},{"damage":38,"enemies":"Hexaghost","floor":16,"turns":10},{"damage":18,"enemies":"2 Thieves","floor":18,"turns":4},{"damage":44,"enemies":"Colosseum Slavers","floor":19,"turns":7},{"damage":19,"enemies":"Colosseum Nobs","floor":19,"turns":6},{"damage":9,"enemies":"Chosen","floor":21,"turns":6},{"damage":20,"enemies":"Centurion and Healer","floor":23,"turns":7},{"damage":47,"enemies":"Gremlin Leader","floor":25,"turns":6},{"damage":30,"enemies":"Slavers","floor":28,"turns":4},{"damage":16,"enemies":"Gremlin Leader","floor":30,"turns":4},{"damage":9,"enemies":"Snake Plant","floor":31,"turns":4},{"damage":45,"enemies":"Automaton","floor":33,"turns":8},{"damage":25,"enemies":"3 Darklings","floor":35,"turns":5},{"damage":9,"enemies":"Orb Walker","floor":37,"turns":4},{"damage":11,"enemies":"3 Darklings","floor":39,"turns":5},{"damage":0,"enemies":"Nemesis","floor":41,"turns":5},{"damage":30,"enemies":"Giant Head","floor":44,"turns":7},{"damage":27,"enemies":"Reptomancer","floor":46,"turns":4},{"damage":6,"enemies":"Maw","floor":47,"turns":5},{"damage":9,"enemies":"Nemesis","floor":48,"turns":7},{"damage":40,"enemies":"Time Eater","floor":50,"turns":11},{"damage":41,"enemies":"Donu and Deca","floor":51,"turns":9},{"damage":88,"enemies":"Shield and Spear","floor":55,"turns":5}],"seed_played":"6971787923605055822","potions_obtained":[{"floor":1,"key":"Strength Potion"},{"floor":8,"key":"Weak Potion"},{"floor":12,"key":"Energy Potion"},{"floor":13,"key":"PowerPotion"},{"floor":16,"key":"SkillPotion"},{"floor":18,"key":"Regen Potion"},{"floor":21,"key":"SteroidPotion"},{"floor":23,"key":"Poison Potion"},{"floor":33,"key":"Strength Potion"},{"floor":35,"key":"Regen Potion"},{"floor":46,"key":"Fire Potion"},{"floor":47,"key":"Ancient Potion"}],"is_trial":false,"path_per_floor":["M","$","M","?","M","E","?","E","T","R","$","E","M","M","R","B",null,"M","?","?","M","$","M","R","E","T","?","E","R","E","M","R","B",null,"M","?","M","$","M","R","E","R","T","E","?","E","M","E","R","B","B",null,"R","$","E"],"character_chosen":"IRONCLAD","items_purchased":["Centennial Puzzle","Rampage","Lee\u0027s Waffle","Metallicize","Disarm","Evolve","Inflame","Rupture","Twin Strike"],"campfire_rested":0,"item_purchase_floors":[2,2,22,38,38,54,54,54,54],"current_hp_per_floor":[62,62,63,63,69,40,40,38,48,48,48,35,37,42,42,10,66,64,42,42,45,92,84,84,63,63,63,51,51,59,60,60,33,77,70,70,73,73,86,86,92,92,92,76,71,80,86,84,84,80,77,88,88,88,0],"gold":14,"neow_bonus":"TWO_FIFTY_GOLD","is_prod":false,"is_daily":false,"chose_seed":false,"campfire_upgraded":8,"win_rate":0,"timestamp":1547853838,"path_taken":["M","$","?","?","M","E","?","E","T","R","$","E","M","?","R","BOSS","M","?","?","?","$","M","R","E","T","?","E","R","E","M","R","BOSS","M","?","M","$","M","R","E","R","T","E","?","E","M","E","R","BOSS","BOSS","R","$","E"],"build_version":"2019-01-16","purchased_purges":4,"victory":false,"max_hp_per_floor":[75,75,75,75,75,75,75,75,85,85,85,85,85,85,85,85,85,85,85,85,85,92,92,92,92,92,92,92,92,92,92,92,92,92,92,92,92,92,92,92,92,92,92,92,92,92,92,92,92,92,92,92,92,92,92],"card_choices":[{"not_picked":["Seeing Red","Infernal Blade"],"picked":"Flame Barrier","floor":1},{"not_picked":["Rampage","Fire Breathing"],"picked":"Infernal Blade","floor":3},{"not_picked":["Thunderclap","Ghostly Armor","Seeing Red"],"picked":"SKIP","floor":5},{"not_picked":["Dual Wield","Seeing Red","Iron Wave"],"picked":"SKIP","floor":6},{"not_picked":["Clash","Anger"],"picked":"Dark Embrace","floor":8},{"not_picked":["Headbutt","Sword Boomerang"],"picked":"Shockwave","floor":12},{"not_picked":["Armaments","Wild Strike"],"picked":"Evolve","floor":13},{"not_picked":["Perfected Strike","Clothesline"],"picked":"Feel No Pain","floor":14},{"not_picked":["Double Tap","Berserk"],"picked":"Reaper","floor":16},{"not_picked":["Clash","Heavy Blade","Dual Wield"],"picked":"SKIP","floor":18},{"not_picked":["Burning Pact","Bloodletting"],"picked":"True Grit","floor":19},{"not_picked":["Iron Wave","Clothesline","Heavy Blade"],"picked":"SKIP","floor":21},{"not_picked":["Seeing Red","Twin Strike"],"picked":"Combust","floor":23},{"not_picked":["Body Slam","Perfected Strike","Heavy Blade"],"picked":"SKIP","floor":25},{"not_picked":["Iron Wave+1","Carnage"],"picked":"Offering","floor":28},{"not_picked":["Sword Boomerang","Sentinel","Thunderclap"],"picked":"SKIP","floor":30},{"not_picked":["Twin Strike","Blood for Blood"],"picked":"True Grit","floor":31},{"not_picked":["Headbutt+1","Ghostly Armor"],"picked":"Impervious","floor":31},{"not_picked":["Immolate","Bludgeon"],"picked":"Juggernaut","floor":33},{"not_picked":["Body Slam","Inflame+1","Sword Boomerang+1"],"picked":"SKIP","floor":35},{"not_picked":["Pommel Strike","Havoc","Headbutt"],"picked":"SKIP","floor":35},{"not_picked":["Combust+1","Perfected Strike","Clash"],"picked":"SKIP","floor":37},{"not_picked":["Cleave","Sword Boomerang+1","Hemokinesis"],"picked":"SKIP","floor":37},{"not_picked":["Clash","Warcry","Clothesline"],"picked":"SKIP","floor":39},{"not_picked":["True Grit","Rupture+1","Clash+1"],"picked":"SKIP","floor":39},{"not_picked":["Thunderclap","Blood for Blood+1","Sever Soul"],"picked":"SKIP","floor":41},{"not_picked":["Clash+1","Iron Wave+1","Flex"],"picked":"SKIP","floor":44},{"not_picked":["Reckless Charge","Dual Wield","Thunderclap+1"],"picked":"SKIP","floor":46},{"not_picked":["Havoc+1","Fire Breathing"],"picked":"Demon Form","floor":47},{"not_picked":["True Grit","Clash","Cleave"],"picked":"SKIP","floor":47},{"not_picked":["Reckless Charge","Dual Wield"],"picked":"Offering","floor":48}],"player_experience":4412147,"relics_obtained":[{"floor":6,"key":"PreservedInsect"},{"floor":8,"key":"Sundial"},{"floor":9,"key":"Pear"},{"floor":12,"key":"Omamori"},{"floor":19,"key":"Pocketwatch"},{"floor":19,"key":"The Courier"},{"floor":25,"key":"WingedGreaves"},{"floor":26,"key":"Bronze Scales"},{"floor":28,"key":"Prayer Wheel"},{"floor":30,"key":"Bag of Preparation"},{"floor":41,"key":"Ginger"},{"floor":44,"key":"Smiling Mask"},{"floor":46,"key":"Art of War"},{"floor":48,"key":"Bottled Lightning"}],"event_choices":[{"damage_healed":0,"gold_gain":0,"player_choice":"Grow","damage_taken":0,"max_hp_gain":0,"max_hp_loss":0,"event_name":"Living Wall","floor":4,"gold_loss":0,"cards_upgraded":["Bash"]},{"damage_healed":0,"gold_gain":0,"player_choice":"Upgraded","damage_taken":0,"max_hp_gain":0,"max_hp_loss":0,"event_name":"Upgrade Shrine","floor":7,"gold_loss":0,"cards_upgraded":["Flame Barrier"]},{"damage_healed":0,"gold_gain":0,"player_choice":"Fight","damage_taken":0,"max_hp_gain":0,"max_hp_loss":0,"event_name":"Colosseum","floor":19,"gold_loss":0},{"damage_healed":0,"gold_gain":0,"player_choice":"Fought Nobs","damage_taken":0,"max_hp_gain":0,"max_hp_loss":0,"event_name":"Colosseum","floor":19,"gold_loss":0},{"damage_healed":0,"gold_gain":0,"player_choice":"Bet on Owner","damage_taken":0,"max_hp_gain":0,"max_hp_loss":0,"event_name":"The Joust","floor":20,"gold_loss":50},{"damage_healed":0,"gold_gain":0,"player_choice":"Smashed Altar","damage_taken":0,"max_hp_gain":0,"max_hp_loss":0,"event_name":"Forgotten Altar","floor":27,"gold_loss":0,"cards_obtained":["Decay"]},{"cards_removed":["Defend_R"],"damage_healed":0,"gold_gain":0,"player_choice":"Removed Skill","damage_taken":0,"max_hp_gain":0,"max_hp_loss":0,"event_name":"Falling","floor":36,"gold_loss":0},{"damage_healed":0,"gold_gain":0,"player_choice":"Bought 0 Potions","damage_taken":0,"max_hp_gain":0,"max_hp_loss":0,"event_name":"The Woman in Blue","floor":45,"gold_loss":0}],"is_beta":true,"boss_relics":[{"not_picked":["Runic Pyramid","Lizard Tail"],"picked":"Cursed Key"},{"not_picked":["Empty Cage","Velvet Choker"],"picked":"Snecko Eye"}],"items_purged_floors":[2,11,38,54],"is_endless":false,"potions_floor_spawned":[1,8,12,13,14,16,18,19,21,23,33,35,37,46,47,48],"killed_by":"Shield and Spear","ascension_level":20}