{"gold_per_floor":[109,120,120,135,159,159,194,194,247,15,15,15,50,69,69,69],"floor_reached":16,"playtime":832,"items_purged":["Strike_B"],"score":220,"play_id":"2941d268-da0c-49f8-a718-2e71f2b62b18","local_time":"20190118140117","is_ascension_mode":true,"campfire_choices":[{"data":"Defragment","floor":6,"key":"SMITH"},{"floor":8,"key":"REST"},{"data":"Darkness","floor":15,"key":"SMITH"}],"neow_cost":"NONE","seed_source_timestamp":27035199011274,"circlet_count":0,"master_deck":["AscendersBane","Strike_B","Strike_B","Strike_B","Defend_B","Defend_B","Defend_B","Defend_B","Zap","Dualcast","BootSequence","Defragment+1","Cold Snap","Darkness+1","Fission"],"relics":["Cracked Core","Ancient Tea Set","Golden Idol","Dodecahedron","Dream Catcher","DataDisk","Smiling Mask"],"potions_floor_usage":[13,16],"damage_taken":[{"damage":4,"enemies":"Jaw Worm","floor":1,"turns":5},{"damage":0,"enemies":"2 Louse","floor":2,"turns":3},{"damage":2,"enemies":"Small Slimes","floor":4,"turns":4},{"damage":16,"enemies":"Exordium Wildlife","floor":5,"turns":4},{"damage":17,"enemies":"Lagavulin","floor":7,"turns":6},{"damage":32,"enemies":"Gremlin Nob","floor":13,"turns":4},{"damage":1,"enemies":"Looter","floor":14,"turns":4},{"damage":14,"enemies":"Hexaghost","floor":16,"turns":9}],"seed_played":"3583211256655229086","potions_obtained":[{"floor":1,"key":"SpeedPotion"},{"floor":7,"key":"FocusPotion"}],"is_trial":false,"path_per_floor":["M","M","?","M","M","R","E","R","T","$","?","?","E","M","R","B"],"character_chosen":"DEFECT","items_purchased":["DataDisk"],"campfire_rested":1,"item_purchase_floors":[10],"current_hp_per_floor":[60,60,60,58,42,42,25,44,44,44,44,44,12,11,11,0],"gold":69,"neow_bonus":"RANDOM_COMMON_RELIC","is_prod":false,"is_daily":false,"chose_seed":false,"campfire_upgraded":2,"win_rate":0,"timestamp":1547848877,"path_taken":["M","M","?","M","M","R","E","R","T","$","?","?","E","M","R","BOSS"],"build_version":"2019-01-16","purchased_purges":1,"victory":false,"max_hp_per_floor":[71,71,64,64,64,64,64,64,64,64,64,64,64,64,64,64],"card_choices":[{"not_picked":["Hologram","Beam Cell"],"picked":"BootSequence","floor":1},{"not_picked":["Sweeping Beam","Reinforced Body"],"picked":"Defragment","floor":2},{"not_picked":["Beam Cell","Rebound"],"picked":"Cold Snap","floor":4},{"not_picked":["Compile Driver","Barrage"],"picked":"Darkness","floor":5},{"not_picked":["Loop","Streamline","Sweeping Beam"],"picked":"SKIP","floor":7},{"not_picked":["Streamline","Stack"],"picked":"Fission","floor":13},{"not_picked":["Auto Shields","Sweeping Beam","Rip and Tear"],"picked":"SKIP","floor":14}],"player_experience":4411315,"relics_obtained":[{"floor":7,"key":"Dodecahedron"},{"floor":9,"key":"Dream Catcher"},{"floor":13,"key":"Smiling Mask"}],"event_choices":[{"damage_healed":0,"gold_gain":0,"player_choice":"Lose Max HP","damage_taken":0,"relics_obtained":["Golden Idol"],"max_hp_gain":0,"max_hp_loss":7,"event_name":"Golden Idol","floor":3,"gold_loss":0},{"damage_healed":0,"gold_gain":0,"player_choice":"Leave","damage_taken":0,"max_hp_gain":0,"max_hp_loss":0,"event_name":"The Cleric","floor":11,"gold_loss":0},{"damage_healed":0,"gold_gain":0,"player_choice":"Searched \u00270\u0027 times","damage_taken":0,"max_hp_gain":0,"max_hp_loss":0,"event_name":"Dead Adventurer","floor":12,"gold_loss":0}],"is_beta":true,"boss_relics":[],"items_purged_floors":[10],"is_endless":false,"potions_floor_spawned":[1,7],"killed_by":"Hexaghost","ascension_level":20}