{"gold_per_floor":[114,133,133,145,159,159,188,25,52,52,79,79,79,95,95,167,167,182,182,193,32,132,132,163,176,176,176,187,187,222,11,11,85,85,102,102,114,114,1113,1142,1160,1194,1264,1274,1293,1310,1327,1345,1345,1345,1345,1345,1345,23,56,56],"floor_reached":57,"playtime":6269,"items_purged":["Strike_B","Parasite"],"score":3003,"play_id":"bc4e9b69-b306-4e67-9020-0e9a58d33240","local_time":"20190116135641","is_ascension_mode":true,"campfire_choices":[{"data":"Zap","floor":6,"key":"SMITH"},{"data":"Defragment","floor":10,"key":"SMITH"},{"data":"Dualcast","floor":12,"key":"SMITH"},{"data":"Glacier","floor":15,"key":"SMITH"},{"floor":23,"key":"REST"},{"floor":27,"key":"REST"},{"data":"Buffer","floor":32,"key":"SMITH"},{"floor":49,"key":"RECALL"},{"data":"Ghostly","floor":53,"key":"SMITH"}],"neow_cost":"NONE","seed_source_timestamp":96991731409513,"circlet_count":0,"master_deck":["AscendersBane","Defend_B","Defend_B","Zap+1","Dualcast+1","Cold Snap","Gash","Glacier+1","Cold Snap","Ball Lightning","Defragment+1","Gash","Gash","Core Surge","Reprogram+1","Compile Driver+1","Beam Cell+1","Genetic Algorithm","Compile Driver","Echo Form","Coolheaded","Ghostly+1","Ghostly","Ghostly","Buffer+1","Defragment","Defragment+1","Biased Cognition","Coolheaded+1","All For One","Glacier+1","All For One","Hologram","Echo Form","Biased Cognition","Capacitor","Loop","Defragment","Self Repair","Cold Snap+1"],"relics":["Cracked Core","PreservedInsect","Centennial Puzzle","Omamori","Astrolabe","Nloth\u0027s Gift","FossilizedHelix","Mummified Hand","The Courier","Mercury Hourglass","Ornamental Fan","DollysMirror","Runic Pyramid","Bag of Marbles","Smiling Mask","Calipers","Letter Opener","Art of War","Mango","Cables"],"potions_floor_usage":[11,22,40,44,48,50,56,56],"damage_taken":[{"damage":0,"enemies":"2 Louse","floor":1,"turns":3},{"damage":3,"enemies":"Small Slimes","floor":2,"turns":3},{"damage":0,"enemies":"Cultist","floor":4,"turns":3},{"damage":1,"enemies":"3 Louse","floor":5,"turns":3},{"damage":40,"enemies":"Gremlin Nob","floor":7,"turns":4},{"damage":5,"enemies":"Lagavulin","floor":11,"turns":6},{"damage":0,"enemies":"Looter","floor":14,"turns":3},{"damage":6,"enemies":"Hexaghost","floor":16,"turns":10},{"damage":0,"enemies":"Chosen","floor":18,"turns":3},{"damage":3,"enemies":"Spheric Guardian","floor":20,"turns":4},{"damage":25,"enemies":"Colosseum Slavers","floor":22,"turns":3},{"damage":19,"enemies":"Colosseum Nobs","floor":22,"turns":4},{"damage":0,"enemies":"Gremlin Leader","floor":24,"turns":4},{"damage":14,"enemies":"Shelled Parasite and Fungi","floor":25,"turns":4},{"damage":0,"enemies":"3 Cultists","floor":28,"turns":4},{"damage":3,"enemies":"Slavers","floor":30,"turns":4},{"damage":0,"enemies":"Automaton","floor":33,"turns":10},{"damage":0,"enemies":"3 Shapes","floor":35,"turns":6},{"damage":23,"enemies":"3 Darklings","floor":37,"turns":7},{"damage":0,"enemies":"Giant Head","floor":40,"turns":8},{"damage":0,"enemies":"Maw","floor":41,"turns":7},{"damage":7,"enemies":"Nemesis","floor":42,"turns":7},{"damage":0,"enemies":"4 Shapes","floor":44,"turns":5},{"damage":0,"enemies":"Spire Growth","floor":45,"turns":6},{"damage":0,"enemies":"Writhing Mass","floor":46,"turns":8},{"damage":0,"enemies":"Maw","floor":47,"turns":8},{"damage":0,"enemies":"3 Darklings","floor":48,"turns":6},{"damage":8,"enemies":"Awakened One","floor":50,"turns":15},{"damage":0,"enemies":"Time Eater","floor":51,"turns":17},{"damage":10,"enemies":"Shield and Spear","floor":55,"turns":8},{"damage":27,"enemies":"The Heart","floor":56,"turns":12}],"seed_played":"5943649686530014822","potions_obtained":[{"floor":4,"key":"Regen Potion"},{"floor":11,"key":"SteroidPotion"},{"floor":16,"key":"Fire Potion"},{"floor":18,"key":"PowerPotion"},{"floor":30,"key":"PowerPotion"},{"floor":37,"key":"Regen Potion"},{"floor":40,"key":"FearPotion"},{"floor":45,"key":"Fruit Juice"},{"floor":48,"key":"Strength Potion"}],"is_trial":false,"path_per_floor":["M","M","?","M","M","R","E","$","T","R","E","R","?","M","R","B",null,"M","?","M","$","?","R","E","M","T","R","M","?","E","$","R","B",null,"M","?","M","$","?","E","M","E","T","M","M","M","M","M","R","B","B",null,"R","$","E","B",null],"character_chosen":"DEFECT","items_purchased":["Defragment","Echo Form","Defragment","DollysMirror","Calipers","Capacitor","Loop","Defragment","FocusPotion","Self Repair","Letter Opener","Art of War","Mango","Ancient Potion","FocusPotion"],"campfire_rested":2,"item_purchase_floors":[8,21,31,31,54,54,54,54,54,54,54,54,54,54,54],"current_hp_per_floor":[64,61,61,61,60,60,20,20,20,20,29,29,22,22,22,16,57,57,57,54,54,10,31,31,17,17,38,38,35,32,32,32,32,34,34,34,11,11,11,26,26,19,19,19,19,19,19,24,24,16,16,34,34,48,51,31],"gold":56,"neow_bonus":"RANDOM_COMMON_RELIC","is_prod":false,"is_daily":false,"chose_seed":false,"campfire_upgraded":6,"win_rate":0,"timestamp":1547675801,"path_taken":["M","M","?","M","M","R","E","$","T","R","E","R","?","M","R","BOSS","M","?","M","?","?","R","E","M","T","R","M","?","E","$","R","BOSS","M","?","M","$","?","E","M","E","T","M","M","?","M","M","R","BOSS","BOSS","R","$","E","BOSS"],"build_version":"2019-01-14v2","purchased_purges":2,"victory":true,"max_hp_per_floor":[71,71,71,71,71,71,71,71,71,71,71,71,71,71,71,71,71,71,71,71,71,71,71,71,71,71,71,71,35,35,35,35,35,35,35,35,35,35,35,35,35,35,35,35,35,35,35,40,40,40,40,40,40,51,51,51],"card_choices":[{"not_picked":["Gash","Chill"],"picked":"Cold Snap","floor":1},{"not_picked":["Rebound","Chaos"],"picked":"Gash","floor":2},{"not_picked":["Beam Cell","Steam"],"picked":"Glacier","floor":4},{"not_picked":["Static Discharge","Undo"],"picked":"Cold Snap","floor":5},{"not_picked":["Self Repair","Multi-Cast"],"picked":"Ball Lightning","floor":7},{"not_picked":["Chill","Turbo"],"picked":"Gash","floor":11},{"not_picked":["Beam Cell","Steam"],"picked":"Gash","floor":14},{"not_picked":["Amplify","Multi-Cast"],"picked":"Core Surge","floor":16},{"not_picked":["White Noise","Compile Driver+1"],"picked":"Genetic Algorithm","floor":18},{"not_picked":["Scrape","Ball Lightning"],"picked":"Compile Driver","floor":20},{"not_picked":["Hyperbeam","Sweeping Beam"],"picked":"Coolheaded","floor":24},{"not_picked":["Stack","Storm+1"],"picked":"Compile Driver+1","floor":25},{"not_picked":["Beam Cell","Doom and Gloom+1","Ball Lightning+1"],"picked":"SKIP","floor":28},{"not_picked":["Thunder Strike","Darkness"],"picked":"Buffer","floor":30},{"not_picked":["Reboot","Seek"],"picked":"Biased Cognition","floor":33},{"not_picked":["Stack","Streamline","Leap"],"picked":"SKIP","floor":35},{"not_picked":["Rebound","Beam Cell"],"picked":"Coolheaded+1","floor":37},{"not_picked":["Steam","Beam Cell"],"picked":"All For One","floor":40},{"not_picked":["Static Discharge+1","Ball Lightning"],"picked":"Glacier+1","floor":41},{"not_picked":["Melter","Stack"],"picked":"All For One","floor":42},{"not_picked":["Aggregate","Stack","Steam"],"picked":"SKIP","floor":44},{"not_picked":["Redo","Leap"],"picked":"Hologram","floor":45},{"not_picked":["Compile Driver","Rebound"],"picked":"Echo Form","floor":46},{"not_picked":["Ball Lightning","Sweeping Beam+1","Melter+1"],"picked":"SKIP","floor":47},{"not_picked":["Barrage","BootSequence"],"picked":"Biased Cognition","floor":48},{"not_picked":["Compile Driver+1","Rebound"],"picked":"Cold Snap+1","floor":55}],"player_experience":4362541,"relics_obtained":[{"floor":7,"key":"Juzu Bracelet"},{"floor":9,"key":"Centennial Puzzle"},{"floor":11,"key":"Omamori"},{"floor":22,"key":"FossilizedHelix"},{"floor":22,"key":"Mummified Hand"},{"floor":24,"key":"The Courier"},{"floor":26,"key":"Mercury Hourglass"},{"floor":30,"key":"Ornamental Fan"},{"floor":40,"key":"Bag of Marbles"},{"floor":42,"key":"Smiling Mask"},{"floor":55,"key":"Cables"}],"event_choices":[{"cards_removed":["Strike_B"],"damage_healed":0,"gold_gain":0,"player_choice":"Forget","damage_taken":0,"max_hp_gain":0,"max_hp_loss":0,"event_name":"Living Wall","floor":3,"gold_loss":0},{"cards_removed":["Strike_B"],"damage_healed":0,"gold_gain":0,"player_choice":"Card Removal","damage_taken":7,"max_hp_gain":0,"max_hp_loss":0,"event_name":"Golden Wing","floor":13,"gold_loss":0},{"damage_healed":0,"gold_gain":0,"player_choice":"Traded Relic","damage_taken":0,"relics_obtained":["Nloth\u0027s Gift"],"max_hp_gain":0,"max_hp_loss":0,"event_name":"N\u0027loth","floor":19,"relics_lost":["Juzu Bracelet"],"gold_loss":0},{"damage_healed":0,"gold_gain":0,"player_choice":"Fight","damage_taken":0,"max_hp_gain":0,"max_hp_loss":0,"event_name":"Colosseum","floor":22,"gold_loss":0},{"damage_healed":0,"gold_gain":0,"player_choice":"Fought Nobs","damage_taken":0,"max_hp_gain":0,"max_hp_loss":0,"event_name":"Colosseum","floor":22,"gold_loss":0},{"damage_healed":0,"gold_gain":0,"player_choice":"Became a Ghost","damage_taken":0,"max_hp_gain":0,"max_hp_loss":36,"event_name":"Ghosts","floor":29,"gold_loss":0,"cards_obtained":["Ghostly","Ghostly","Ghostly"]},{"cards_removed":["Compile Driver"],"damage_healed":0,"gold_gain":0,"player_choice":"Removed Attack","damage_taken":0,"max_hp_gain":0,"max_hp_loss":0,"event_name":"Falling","floor":36,"gold_loss":0},{"damage_healed":0,"gold_gain":999,"player_choice":"Gold","damage_taken":0,"max_hp_gain":0,"max_hp_loss":0,"event_name":"MindBloom","floor":39,"gold_loss":0,"cards_obtained":["Normality","Normality"]}],"is_beta":true,"boss_relics":[{"not_picked":["Empty Cage","Eternal Feather"],"picked":"Astrolabe"},{"not_picked":["Nuclear Battery","Black Star"],"picked":"Runic Pyramid"}],"items_purged_floors":[8,54],"is_endless":false,"potions_floor_spawned":[4,11,16,18,22,30,37,40,45,48],"ascension_level":20}