{"gold_per_floor":[112,57,57,76,95,130,130,163,187,206,234,234,247,277,277,277],"floor_reached":16,"playtime":1070,"items_purged":[],"score":240,"play_id":"802e4c74-1658-4368-af6d-27680e65e3e7","local_time":"20190119120410","is_ascension_mode":true,"campfire_choices":[{"data":"Zap","floor":7,"key":"SMITH"},{"data":"Recycle","floor":12,"key":"SMITH"},{"data":"Coolheaded","floor":15,"key":"SMITH"}],"neow_cost":"NONE","seed_source_timestamp":106168054036009,"circlet_count":0,"master_deck":["AscendersBane","Strike_B","Strike_B","Strike_B","Strike_B","Defend_B","Defend_B","Defend_B","Defend_B","Zap+1","Dualcast","Self Repair","Decay","Ball Lightning","Reinforced Body","Coolheaded+1","Recycle+1","Skim","Coolheaded","Doom and Gloom","Doom and Gloom"],"relics":["Cracked Core","NeowsBlessing","Bronze Scales","Smiling Mask","Mango","Odd Mushroom"],"potions_floor_usage":[8,8,11,14,16],"damage_taken":[{"damage":0,"enemies":"Cultist","floor":1,"turns":1},{"damage":0,"enemies":"2 Louse","floor":4,"turns":1},{"damage":0,"enemies":"Small Slimes","floor":5,"turns":1},{"damage":23,"enemies":"Lagavulin","floor":6,"turns":6},{"damage":3,"enemies":"3 Sentries","floor":8,"turns":8},{"damage":20,"enemies":"Exordium Thugs","floor":10,"turns":4},{"damage":53,"enemies":"Gremlin Nob","floor":11,"turns":5},{"damage":9,"enemies":"Looter","floor":13,"turns":3},{"damage":10,"enemies":"The Mushroom Lair","floor":14,"turns":4},{"damage":21,"enemies":"Hexaghost","floor":16,"turns":9}],"seed_played":"5165868404497839650","potions_obtained":[{"floor":1,"key":"SpeedPotion"},{"floor":4,"key":"Regen Potion"},{"floor":8,"key":"Block Potion"},{"floor":10,"key":"FearPotion"},{"floor":13,"key":"Dexterity Potion"}],"is_trial":false,"path_per_floor":["M","$","?","M","M","E","R","E","T","M","E","R","M","?","R","B"],"character_chosen":"DEFECT","items_purchased":["Fire Potion"],"campfire_rested":0,"item_purchase_floors":[2],"current_hp_per_floor":[64,64,64,64,71,55,55,71,71,58,26,26,24,21,21,0],"gold":277,"neow_bonus":"THREE_ENEMY_KILL","is_prod":false,"is_daily":false,"chose_seed":false,"campfire_upgraded":3,"win_rate":0,"timestamp":1547928250,"path_taken":["M","$","?","M","M","E","R","E","T","?","E","R","M","?","R","BOSS"],"build_version":"2019-01-17","purchased_purges":0,"victory":false,"max_hp_per_floor":[71,71,71,71,71,71,71,71,71,71,85,85,85,85,85,85],"card_choices":[{"not_picked":["Compile Driver","Stack"],"picked":"Self Repair","floor":1},{"not_picked":["FTL","Conserve Battery"],"picked":"Ball Lightning","floor":4},{"not_picked":["Undo","Meteor Strike"],"picked":"Reinforced Body","floor":5},{"not_picked":["Tempest","Beam Cell"],"picked":"Coolheaded","floor":6},{"not_picked":["Beam Cell","Coolheaded"],"picked":"Recycle","floor":8},{"not_picked":["Barrage","Turbo"],"picked":"Skim","floor":10},{"not_picked":["Loop","Ball Lightning"],"picked":"Coolheaded","floor":11},{"not_picked":["Barrage","Hello World"],"picked":"Doom and Gloom","floor":13},{"not_picked":["Chaos","Redo"],"picked":"Doom and Gloom","floor":14}],"player_experience":4422416,"relics_obtained":[{"floor":6,"key":"Bronze Scales"},{"floor":8,"key":"Smiling Mask"},{"floor":11,"key":"Mango"},{"floor":14,"key":"Odd Mushroom"}],"event_choices":[{"damage_healed":0,"gold_gain":0,"player_choice":"Cursed","damage_taken":0,"max_hp_gain":0,"max_hp_loss":0,"event_name":"Wheel of Change","floor":3,"gold_loss":0,"cards_obtained":["Decay"]},{"damage_healed":0,"gold_gain":0,"player_choice":"Fought Mushrooms","damage_taken":0,"max_hp_gain":0,"max_hp_loss":0,"event_name":"Mushrooms","floor":14,"gold_loss":0}],"is_beta":true,"boss_relics":[],"items_purged_floors":[],"is_endless":false,"potions_floor_spawned":[1,4,8,10,13],"killed_by":"Hexaghost","ascension_level":20}