{"gold_per_floor":[119,119,119,129,147,147,147,176,176,176,190,216,216,228,228,305,305,322,337,72,72,122,122,157,157,157,157,192,117,42,54,54,129,129,146,146,156,166,166,191,5,5,5,5,38,68,134,421,433,445,457,469,481,79,106,106],"floor_reached":57,"playtime":3879,"items_purged":["Strike_R","Strike_R"],"score":2908,"play_id":"9d876897-bb96-4cd6-8db4-e35609ef896e","local_time":"20190115113612","is_ascension_mode":true,"campfire_choices":[{"data":"Bash","floor":7,"key":"SMITH"},{"floor":10,"key":"REST"},{"floor":13,"key":"DIG"},{"floor":15,"key":"DIG"},{"data":"Battle Trance","floor":23,"key":"SMITH"},{"floor":25,"key":"DIG"},{"floor":27,"key":"DIG"},{"floor":32,"key":"DIG"},{"floor":42,"key":"DIG"},{"floor":44,"key":"DIG"},{"floor":49,"key":"RECALL"},{"floor":53,"key":"DIG"}],"neow_cost":"NONE","seed_source_timestamp":4655871982779,"circlet_count":0,"master_deck":["AscendersBane","Strike_R+1","Strike_R","Defend_R","Defend_R","Defend_R+1","Defend_R","Bash+1","Shrug It Off","Perfected Strike","Perfected Strike","Rage","Battle Trance+1","Headbutt","Havoc","Feed","Shrug It Off","True Grit","Dark Shackles","Corruption","Corruption","Fiend Fire","Barricade","Shrug It Off+1","Dark Shackles","Panache","Shockwave","Reaper","Burning Pact","Disarm+1","Burning Pact+1","Feel No Pain","Reaper","Disarm"],"relics":["Burning Blood","Charon\u0027s Ashes","Dead Branch","Shovel","Centennial Puzzle","Bag of Marbles","Sozu","Omamori","Shuriken","PreservedInsect","Ornamental Fan","Bronze Scales","Vajra","Matryoshka","Fusion Hammer","Dream Catcher","Mummified Hand","Lantern","Letter Opener","MawBank","Torii","Bottled Flame","Oddly Smooth Stone","Blue Candle"],"potions_floor_usage":[12,16,56,56],"damage_taken":[{"damage":3,"enemies":"2 Louse","floor":1,"turns":4},{"damage":7,"enemies":"Small Slimes","floor":4,"turns":4},{"damage":1,"enemies":"Cultist","floor":5,"turns":4},{"damage":31,"enemies":"3 Sentries","floor":8,"turns":9},{"damage":13,"enemies":"Exordium Thugs","floor":11,"turns":4},{"damage":12,"enemies":"Lagavulin","floor":12,"turns":7},{"damage":3,"enemies":"Lots of Slimes","floor":14,"turns":3},{"damage":24,"enemies":"Hexaghost","floor":16,"turns":8},{"damage":7,"enemies":"3 Byrds","floor":18,"turns":7},{"damage":17,"enemies":"Shell Parasite","floor":19,"turns":2},{"damage":6,"enemies":"Book of Stabbing","floor":24,"turns":2},{"damage":16,"enemies":"Slavers","floor":28,"turns":2},{"damage":0,"enemies":"Snecko","floor":31,"turns":4},{"damage":0,"enemies":"Collector","floor":33,"turns":4},{"damage":12,"enemies":"Orb Walker","floor":35,"turns":4},{"damage":0,"enemies":"3 Darklings","floor":37,"turns":4},{"damage":12,"enemies":"Maw","floor":38,"turns":6},{"damage":2,"enemies":"Reptomancer","floor":40,"turns":3},{"damage":0,"enemies":"Nemesis","floor":45,"turns":3},{"damage":0,"enemies":"4 Shapes","floor":46,"turns":2},{"damage":6,"enemies":"2 Orb Walkers","floor":47,"turns":2},{"damage":14,"enemies":"Time Eater","floor":50,"turns":8},{"damage":12,"enemies":"Awakened One","floor":51,"turns":6},{"damage":1,"enemies":"Shield and Spear","floor":55,"turns":4},{"damage":6,"enemies":"The Heart","floor":56,"turns":5}],"seed_played":"72181073115256641","potions_obtained":[{"floor":5,"key":"Weak Potion"},{"floor":8,"key":"Dexterity Potion"},{"floor":11,"key":"SteroidPotion"},{"floor":14,"key":"Weak Potion"},{"floor":16,"key":"SpeedPotion"}],"is_trial":false,"path_per_floor":["M","?","?","M","M","$","R","E","T","R","M","E","R","M","R","B",null,"M","M","$","?","?","R","E","R","T","R","E","?","$","M","R","B",null,"M","?","M","M","?","E","$","R","T","R","E","M","?","?","R","B","B",null,"R","$","E","B",null],"character_chosen":"IRONCLAD","items_purchased":["Dark Shackles","Omamori","Reaper","Feel No Pain","Oddly Smooth Stone","Reaper"],"campfire_rested":1,"item_purchase_floors":[20,20,41,54,54,54],"current_hp_per_floor":[78,53,41,40,45,45,45,20,20,44,37,31,31,34,34,16,66,68,60,60,60,60,60,63,63,63,63,53,53,53,62,62,68,88,82,94,97,94,84,88,88,88,88,88,95,100,103,103,103,103,103,103,103,103,103,103],"gold":106,"neow_bonus":"TEN_PERCENT_HP_BONUS","is_prod":false,"is_daily":false,"chose_seed":false,"campfire_upgraded":2,"win_rate":0,"timestamp":1547580972,"path_taken":["M","?","?","M","?","?","R","E","T","R","M","E","R","M","R","BOSS","M","M","$","?","?","R","E","R","T","R","E","?","$","M","R","BOSS","M","?","M","M","?","E","?","R","T","R","E","M","?","?","R","BOSS","BOSS","R","$","E","BOSS"],"build_version":"2019-01-14v2","purchased_purges":2,"victory":true,"max_hp_per_floor":[82,82,82,82,82,82,82,82,82,82,82,82,82,82,82,82,82,85,88,88,88,88,88,91,91,91,91,91,91,91,94,94,94,94,94,94,97,100,100,100,100,100,100,100,100,100,103,103,103,103,103,103,103,103,103,103],"card_choices":[{"not_picked":["Cleave","Heavy Blade"],"picked":"Shrug It Off","floor":1},{"not_picked":["Armaments","Thunderclap"],"picked":"Perfected Strike","floor":4},{"not_picked":["Combust","Corruption"],"picked":"Perfected Strike","floor":5},{"not_picked":["Flex","Iron Wave"],"picked":"Rage","floor":8},{"not_picked":["True Grit","Dual Wield"],"picked":"Battle Trance","floor":11},{"not_picked":["Evolve","Blood for Blood"],"picked":"Headbutt","floor":12},{"not_picked":["Inflame","Warcry"],"picked":"Havoc","floor":14},{"not_picked":["Exhume","Brutality"],"picked":"Feed","floor":16},{"not_picked":["Twin Strike","Dropkick"],"picked":"Shrug It Off","floor":18},{"not_picked":["Metallicize","Thunderclap"],"picked":"True Grit","floor":19},{"not_picked":["Sever Soul","Wild Strike"],"picked":"Corruption","floor":24},{"not_picked":["Shrug It Off","True Grit+1"],"picked":"Fiend Fire","floor":28},{"not_picked":["Wild Strike","Carnage","Heavy Blade"],"picked":"SKIP","floor":31},{"not_picked":["Limit Break","Berserk"],"picked":"Barricade","floor":33},{"not_picked":["Perfected Strike+1","Clash","Anger"],"picked":"SKIP","floor":35},{"not_picked":["Pommel Strike","Uppercut+1","Anger"],"picked":"SKIP","floor":37},{"not_picked":["Thunderclap","Dropkick+1"],"picked":"Shrug It Off+1","floor":38},{"not_picked":["Forethought","Deep Breath"],"picked":"Dark Shackles","floor":39},{"not_picked":["Madness","Transmutation"],"picked":"Panache","floor":39},{"not_picked":["Rupture","Perfected Strike"],"picked":"Shockwave","floor":40},{"not_picked":["Reckless Charge","Thunderclap"],"picked":"Burning Pact","floor":45},{"not_picked":["Battle Trance+1","Havoc+1"],"picked":"Disarm+1","floor":46},{"not_picked":["Armaments+1","Sword Boomerang"],"picked":"Burning Pact+1","floor":47},{"not_picked":["Clothesline+1","Intimidate"],"picked":"Disarm","floor":55}],"player_experience":4341971,"relics_obtained":[{"floor":8,"key":"Charon\u0027s Ashes"},{"floor":9,"key":"Dead Branch"},{"floor":12,"key":"Shovel"},{"floor":13,"key":"Centennial Puzzle"},{"floor":15,"key":"Bag of Marbles"},{"floor":24,"key":"Shuriken"},{"floor":25,"key":"PreservedInsect"},{"floor":26,"key":"Ornamental Fan"},{"floor":27,"key":"Bronze Scales"},{"floor":28,"key":"Vajra"},{"floor":32,"key":"Matryoshka"},{"floor":40,"key":"Dream Catcher"},{"floor":42,"key":"Mummified Hand"},{"floor":43,"key":"Lantern"},{"floor":44,"key":"Letter Opener"},{"floor":45,"key":"MawBank"},{"floor":47,"key":"Torii"},{"floor":53,"key":"Bottled Flame"},{"floor":55,"key":"Blue Candle"}],"event_choices":[{"damage_healed":0,"gold_gain":0,"player_choice":"Entered Light","damage_taken":25,"max_hp_gain":0,"max_hp_loss":0,"event_name":"Shining Light","floor":2,"gold_loss":0,"cards_upgraded":["Defend_R","Strike_R"]},{"damage_healed":0,"gold_gain":0,"player_choice":"Damaged","damage_taken":12,"max_hp_gain":0,"max_hp_loss":0,"event_name":"Wheel of Change","floor":3,"gold_loss":0},{"damage_healed":0,"gold_gain":0,"player_choice":"Read","damage_taken":0,"max_hp_gain":0,"max_hp_loss":0,"event_name":"The Library","floor":21,"gold_loss":0,"cards_obtained":["Corruption"]},{"damage_healed":0,"gold_gain":50,"player_choice":"Stole From Cult","damage_taken":0,"max_hp_gain":0,"max_hp_loss":0,"event_name":"Nest","floor":22,"gold_loss":0},{"cards_removed":["Strike_R"],"damage_healed":0,"gold_gain":0,"player_choice":"Gave Gold","damage_taken":0,"max_hp_gain":0,"max_hp_loss":0,"event_name":"Beggar","floor":29,"gold_loss":75},{"damage_healed":19,"gold_gain":0,"player_choice":"Writhe","damage_taken":0,"max_hp_gain":0,"max_hp_loss":0,"event_name":"Winding Halls","floor":36,"gold_loss":0,"cards_obtained":["Writhe"]},{"damage_healed":0,"gold_gain":0,"player_choice":"Memory 3","damage_taken":10,"max_hp_gain":0,"max_hp_loss":0,"event_name":"SensoryStone","floor":39,"gold_loss":0},{"damage_healed":0,"gold_gain":0,"player_choice":"Fight","damage_taken":0,"max_hp_gain":0,"max_hp_loss":0,"event_name":"Mysterious Sphere","floor":47,"gold_loss":0},{"damage_healed":0,"gold_gain":275,"player_choice":"Desecrate","damage_taken":0,"max_hp_gain":0,"max_hp_loss":0,"event_name":"Golden Shrine","floor":48,"gold_loss":0,"cards_obtained":["Regret"]}],"is_beta":true,"boss_relics":[{"not_picked":["Empty Cage","Calling Bell"],"picked":"Sozu"},{"not_picked":["Runic Cube","Pandora\u0027s Box"],"picked":"Fusion Hammer"}],"items_purged_floors":[30,41],"is_endless":false,"potions_floor_spawned":[5,8,11,14,16,18,31,33,38,40,45,46],"ascension_level":20}