{"gold_per_floor":[110,110,110,124,139,139,173,173,173,205,205,232,248,267,267,342,342,352,352,371,371,26,26,26],"floor_reached":24,"playtime":1127,"items_purged":[],"score":408,"play_id":"e15b2d95-30d8-4064-b872-1afc8347bde6","local_time":"20190118133455","is_ascension_mode":true,"campfire_choices":[{"data":"Bash","floor":6,"key":"SMITH"},{"data":"Wild Strike","floor":8,"key":"SMITH"},{"floor":15,"key":"REST"},{"data":"Disarm","floor":23,"key":"SMITH"}],"neow_cost":"NONE","seed_source_timestamp":25156854458267,"circlet_count":0,"master_deck":["AscendersBane","Strike_R","Strike_R","Strike_R","Strike_R","Defend_R","Defend_R","Defend_R","Defend_R","Bash+1","Wild Strike+1","Anger","Combust","Uppercut","Spot Weakness","Fiend Fire","Offering","Metallicize","Ghostly","Ghostly","Ghostly","Feel No Pain","Disarm+1"],"relics":["Burning Blood","Bronze Scales","Unceasing Top","Mummified Hand","Calipers","Blood Vial","Regal Pillow","Runic Pyramid","Smiling Mask","Medical Kit"],"potions_floor_usage":[10,10,14,16],"damage_taken":[{"damage":19,"enemies":"Jaw Worm","floor":1,"turns":4},{"damage":4,"enemies":"Small Slimes","floor":4,"turns":3},{"damage":0,"enemies":"2 Louse","floor":5,"turns":2},{"damage":25,"enemies":"Lagavulin","floor":7,"turns":6},{"damage":8,"enemies":"Gremlin Nob","floor":10,"turns":3},{"damage":4,"enemies":"Looter","floor":13,"turns":3},{"damage":13,"enemies":"Exordium Thugs","floor":14,"turns":4},{"damage":29,"enemies":"The Guardian","floor":16,"turns":8},{"damage":29,"enemies":"Shell Parasite","floor":18,"turns":3},{"damage":15,"enemies":"2 Thieves","floor":20,"turns":4},{"damage":34,"enemies":"Slavers","floor":24,"turns":1}],"seed_played":"-4908869180026820701","potions_obtained":[{"floor":4,"key":"Explosive Potion"},{"floor":5,"key":"GamblersBrew"},{"floor":10,"key":"Energy Potion"},{"floor":13,"key":"PowerPotion"},{"floor":20,"key":"Dexterity Potion"}],"is_trial":false,"path_per_floor":["M","?","?","M","M","R","E","R","T","E","?","T","M","M","R","B",null,"M","?","M","T","$","R","E"],"character_chosen":"IRONCLAD","items_purchased":["Feel No Pain","Medical Kit","Disarm"],"campfire_rested":1,"item_purchase_floors":[22,22,22],"current_hp_per_floor":[55,60,53,55,61,61,42,42,42,40,29,29,33,28,67,46,72,51,40,31,31,31,31,0],"gold":26,"neow_bonus":"RANDOM_COMMON_RELIC","is_prod":false,"is_daily":false,"chose_seed":false,"campfire_upgraded":3,"win_rate":0,"timestamp":1547847295,"path_taken":["M","?","?","M","M","R","E","R","T","E","?","?","?","M","R","BOSS","M","?","M","?","$","R","E"],"build_version":"2019-01-16","purchased_purges":0,"victory":false,"max_hp_per_floor":[75,80,80,80,80,80,80,80,80,80,80,80,80,80,80,80,80,80,40,40,40,40,40,40],"card_choices":[{"not_picked":["Rage","Evolve"],"picked":"Wild Strike","floor":1},{"not_picked":["Thunderclap","Dropkick"],"picked":"Anger","floor":4},{"not_picked":["Searing Blow","Clash"],"picked":"Combust","floor":5},{"not_picked":["Bloodletting","Evolve"],"picked":"Uppercut","floor":7},{"not_picked":["Thunderclap","Anger"],"picked":"Spot Weakness","floor":10},{"not_picked":["Heavy Blade","Anger","Body Slam"],"picked":"SKIP","floor":13},{"not_picked":["Clothesline","Sentinel"],"picked":"Fiend Fire","floor":14},{"not_picked":["Exhume","Impervious"],"picked":"Offering","floor":16},{"not_picked":["Heavy Blade","Body Slam"],"picked":"Metallicize","floor":18},{"not_picked":["Warcry","Body Slam","Wild Strike"],"picked":"SKIP","floor":20}],"player_experience":4409487,"relics_obtained":[{"floor":7,"key":"Unceasing Top"},{"floor":9,"key":"Mummified Hand"},{"floor":10,"key":"Calipers"},{"floor":12,"key":"Regal Pillow"},{"floor":21,"key":"Smiling Mask"}],"event_choices":[{"damage_healed":0,"gold_gain":0,"player_choice":"Donut","damage_taken":0,"max_hp_gain":5,"max_hp_loss":0,"event_name":"Big Fish","floor":2,"gold_loss":0},{"cards_removed":["Strike_R"],"damage_healed":0,"gold_gain":0,"player_choice":"Card Removal","damage_taken":7,"max_hp_gain":0,"max_hp_loss":0,"event_name":"Golden Wing","floor":3,"gold_loss":0},{"damage_healed":0,"gold_gain":0,"player_choice":"Success","damage_taken":11,"relics_obtained":["Blood Vial"],"max_hp_gain":0,"max_hp_loss":0,"event_name":"Scrap Ooze","floor":11,"gold_loss":0},{"damage_healed":0,"gold_gain":0,"player_choice":"Became a Ghost","damage_taken":0,"max_hp_gain":0,"max_hp_loss":40,"event_name":"Ghosts","floor":19,"gold_loss":0,"cards_obtained":["Ghostly","Ghostly","Ghostly"]}],"is_beta":true,"boss_relics":[{"not_picked":["Empty Cage","Tiny House"],"picked":"Runic Pyramid"}],"items_purged_floors":[],"is_endless":false,"potions_floor_spawned":[4,5,10,13,20],"killed_by":"Slavers","ascension_level":20}