{"gold_per_floor":[214,214,214,232,8,8,82,82,105,128,157,157,182,207,207,303,303,328,528,156,180,8,8,28,28,28,28,42,92,42,75,75,174,174,193,218,218,237,258,258,258,258,281,174,194,238,79,122,122,122,122],"floor_reached":51,"playtime":5023,"items_purged":["Strike_R","Strike_R"],"score":1471,"play_id":"8f4a2714-31f3-4724-bc49-9b1996299b97","local_time":"20190118103850","is_ascension_mode":true,"campfire_choices":[{"data":"Bash","floor":6,"key":"SMITH"},{"data":"Anger","floor":8,"key":"SMITH"},{"data":"Armaments","floor":12,"key":"SMITH"},{"floor":15,"key":"REST"},{"data":"Offering","floor":23,"key":"SMITH"},{"data":"Demon Form","floor":25,"key":"SMITH"},{"floor":27,"key":"REST"},{"floor":32,"key":"REST"},{"data":"Feel No Pain","floor":40,"key":"SMITH"},{"data":"Shockwave","floor":42,"key":"SMITH"},{"floor":49,"key":"RECALL"}],"neow_cost":"NONE","seed_source_timestamp":10701401920463,"circlet_count":0,"master_deck":["AscendersBane","Defend_R","Defend_R","Defend_R","Defend_R","Bash+1","Anger+1","Clothesline","Offering+1","Armaments+1","Feel No Pain+1","Demon Form+1","Headbutt+1","Battle Trance","Shockwave+1","Sword Boomerang","Offering","Ghostly Armor+1","Hemokinesis+1","Rage+1","Sword Boomerang+1","True Grit","Feel No Pain","Limit Break","Dark Shackles","Offering+1"],"relics":["Burning Blood","Bag of Preparation","Golden Idol","OrangePellets","Tiny Chest","Potion Belt","Odd Mushroom","Sozu","Membership Card","Strawberry","Thread and Needle","Red Skull","Astrolabe","Blood Vial","PreservedInsect","Pen Nib","DollysMirror","Bag of Marbles"],"potions_floor_usage":[16,18,51,51],"damage_taken":[{"damage":4,"enemies":"Small Slimes","floor":1,"turns":4},{"damage":0,"enemies":"2 Louse","floor":4,"turns":2},{"damage":29,"enemies":"Gremlin Nob","floor":7,"turns":4},{"damage":4,"enemies":"Jaw Worm","floor":10,"turns":3},{"damage":10,"enemies":"The Mushroom Lair","floor":11,"turns":4},{"damage":6,"enemies":"2 Fungi Beasts","floor":13,"turns":2},{"damage":12,"enemies":"Lots of Slimes","floor":14,"turns":4},{"damage":51,"enemies":"Slime Boss","floor":16,"turns":10},{"damage":22,"enemies":"3 Byrds","floor":18,"turns":7},{"damage":11,"enemies":"Shell Parasite","floor":21,"turns":5},{"damage":6,"enemies":"3 Cultists","floor":24,"turns":4},{"damage":10,"enemies":"Centurion and Healer","floor":28,"turns":5},{"damage":20,"enemies":"Gremlin Leader","floor":31,"turns":5},{"damage":48,"enemies":"Collector","floor":33,"turns":8},{"damage":14,"enemies":"Orb Walker","floor":35,"turns":3},{"damage":6,"enemies":"3 Shapes","floor":36,"turns":4},{"damage":14,"enemies":"3 Darklings","floor":38,"turns":5},{"damage":17,"enemies":"Maw","floor":39,"turns":4},{"damage":12,"enemies":"Writhing Mass","floor":45,"turns":5},{"damage":12,"enemies":"Giant Head","floor":46,"turns":5},{"damage":29,"enemies":"Reptomancer","floor":48,"turns":5},{"damage":33,"enemies":"Time Eater","floor":50,"turns":7},{"damage":37,"enemies":"Awakened One","floor":51,"turns":4}],"seed_played":"7812575469956304635","potions_obtained":[{"floor":7,"key":"EssenceOfSteel"},{"floor":13,"key":"SpeedPotion"},{"floor":14,"key":"FearPotion"},{"floor":16,"key":"Explosive Potion"}],"is_trial":false,"path_per_floor":["M","?","?","M","$","R","E","R","T","M","?","R","M","M","R","B",null,"M","?","$","M","$","R","M","R","T","R","M","?","$","E","R","B",null,"M","M","?","M","M","R","?","R","T","$","M","E","$","E","R","B","B"],"character_chosen":"IRONCLAD","items_purchased":["OrangePellets","Membership Card","Battle Trance","Strawberry","Thread and Needle","PreservedInsect","Feel No Pain","Dark Shackles","DollysMirror"],"campfire_rested":3,"item_purchase_floors":[5,20,20,20,22,44,44,47,47],"current_hp_per_floor":[70,59,59,65,65,65,42,42,42,44,40,40,40,34,54,9,53,37,37,44,39,39,39,39,39,39,61,57,57,57,43,65,23,62,54,54,54,46,35,35,85,85,85,85,79,75,75,54,54,29,0],"gold":122,"neow_bonus":"HUNDRED_GOLD","is_prod":false,"is_daily":false,"chose_seed":false,"campfire_upgraded":7,"win_rate":0,"timestamp":1547836730,"path_taken":["M","?","?","M","$","R","E","R","T","M","?","R","?","M","R","BOSS","M","?","$","M","$","R","?","R","T","R","M","?","?","E","R","BOSS","M","M","?","?","M","R","?","R","T","$","M","E","?","E","R","BOSS","BOSS"],"build_version":"2019-01-16","purchased_purges":2,"victory":false,"max_hp_per_floor":[75,75,68,68,68,68,68,68,68,68,68,68,68,68,68,68,68,68,68,75,75,75,75,75,75,75,75,75,75,75,75,75,75,75,75,75,75,75,75,75,85,85,85,85,85,85,85,85,85,85,85],"card_choices":[{"not_picked":["Iron Wave","Warcry"],"picked":"Anger","floor":1},{"not_picked":["Burning Pact","Iron Wave"],"picked":"Clothesline","floor":4},{"not_picked":["Brutality","Sever Soul"],"picked":"Offering","floor":7},{"not_picked":["Dual Wield","Anger"],"picked":"Armaments","floor":10},{"not_picked":["Heavy Blade","Twin Strike"],"picked":"Feel No Pain","floor":13},{"not_picked":["Entrench","Heavy Blade","Uppercut"],"picked":"SKIP","floor":14},{"not_picked":["Impervious","Double Tap"],"picked":"Demon Form","floor":16},{"not_picked":["Thunderclap","Power Through"],"picked":"Headbutt+1","floor":18},{"not_picked":["True Grit","Searing Blow"],"picked":"Shockwave","floor":21},{"not_picked":["Anger","Rage"],"picked":"Exhume","floor":24},{"not_picked":["Carnage","Cleave","Anger"],"picked":"SKIP","floor":28},{"not_picked":["Clothesline","Clash"],"picked":"Sword Boomerang","floor":31},{"not_picked":["Berserk","Brutality"],"picked":"Offering","floor":33},{"not_picked":["Havoc","Entrench","Twin Strike"],"picked":"SKIP","floor":35},{"not_picked":["Cleave","Sever Soul+1"],"picked":"Rage+1","floor":36},{"not_picked":["Bloodletting","Burning Pact"],"picked":"Sword Boomerang+1","floor":38},{"not_picked":["Perfected Strike+1","Iron Wave"],"picked":"True Grit","floor":39},{"not_picked":["True Grit","Power Through+1","Heavy Blade"],"picked":"SKIP","floor":45},{"not_picked":["Sentinel","Armaments"],"picked":"Limit Break","floor":46},{"not_picked":["Body Slam","Rupture","Clash"],"picked":"SKIP","floor":48}],"player_experience":4395349,"relics_obtained":[{"floor":7,"key":"Tiny Chest"},{"floor":9,"key":"Potion Belt"},{"floor":11,"key":"Odd Mushroom"},{"floor":31,"key":"Red Skull"},{"floor":43,"key":"Blood Vial"},{"floor":46,"key":"Pen Nib"},{"floor":48,"key":"Bag of Marbles"}],"event_choices":[{"damage_healed":0,"gold_gain":0,"player_choice":"Success","damage_taken":11,"relics_obtained":["Bag of Preparation"],"max_hp_gain":0,"max_hp_loss":0,"event_name":"Scrap Ooze","floor":2,"gold_loss":0},{"damage_healed":0,"gold_gain":0,"player_choice":"Lose Max HP","damage_taken":0,"relics_obtained":["Golden Idol"],"max_hp_gain":0,"max_hp_loss":7,"event_name":"Golden Idol","floor":3,"gold_loss":0},{"damage_healed":0,"gold_gain":0,"player_choice":"Fought Mushrooms","damage_taken":0,"max_hp_gain":0,"max_hp_loss":0,"event_name":"Mushrooms","floor":11,"gold_loss":0},{"damage_healed":0,"gold_gain":200,"player_choice":"Gold","damage_taken":0,"max_hp_gain":0,"max_hp_loss":0,"event_name":"Wheel of Change","floor":19,"gold_loss":0},{"damage_healed":0,"gold_gain":50,"player_choice":"Stole From Cult","damage_taken":0,"max_hp_gain":0,"max_hp_loss":0,"event_name":"Nest","floor":29,"gold_loss":0},{"cards_removed":["Searing Blow"],"damage_healed":0,"gold_gain":0,"player_choice":"Purged","damage_taken":0,"max_hp_gain":0,"max_hp_loss":0,"event_name":"Purifier","floor":37,"gold_loss":0},{"cards_removed":["Exhume"],"damage_healed":40,"gold_gain":0,"player_choice":"Offered Rare","damage_taken":0,"max_hp_gain":10,"max_hp_loss":0,"event_name":"Bonfire Elementals","floor":41,"gold_loss":0}],"is_beta":true,"boss_relics":[{"not_picked":["Lizard Tail","Calling Bell"],"picked":"Sozu"},{"not_picked":["White Beast Statue","Pandora\u0027s Box"],"picked":"Astrolabe"}],"items_purged_floors":[20,30],"is_endless":false,"potions_floor_spawned":[7,13,14,16,18,31,33,35,36,38,48],"killed_by":"Awakened One","ascension_level":20}