{"gold_per_floor":[110,11,25,44,74,108,108,8,55,55,35,63,63,75,75,75],"floor_reached":16,"playtime":934,"items_purged":["Strike_R","Strike_R"],"score":216,"play_id":"ac83f6a8-4550-4077-b57d-afd4b84be586","local_time":"20190116141626","is_ascension_mode":true,"campfire_choices":[{"data":"Bash","floor":7,"key":"SMITH"},{"data":"Wild Strike","floor":10,"key":"SMITH"},{"floor":15,"key":"REST"}],"neow_cost":"NONE","seed_source_timestamp":103638181932293,"circlet_count":0,"master_deck":["AscendersBane","Strike_R","Strike_R","Defend_R","Defend_R","Defend_R","Defend_R","Bash+1","Wild Strike+1","Armaments","Combust","Rampage","True Grit","Rupture","Clothesline"],"relics":["Burning Blood","Tiny Chest","Dodecahedron","PreservedInsect","Juzu Bracelet"],"potions_floor_usage":[6,12,14,16],"damage_taken":[{"damage":9,"enemies":"Jaw Worm","floor":1,"turns":4},{"damage":0,"enemies":"Small Slimes","floor":3,"turns":3},{"damage":6,"enemies":"Cultist","floor":4,"turns":3},{"damage":30,"enemies":"Lagavulin","floor":6,"turns":8},{"damage":19,"enemies":"3 Sentries","floor":12,"turns":8},{"damage":11,"enemies":"Exordium Thugs","floor":14,"turns":4},{"damage":52,"enemies":"Hexaghost","floor":16,"turns":8}],"seed_played":"5192533155253835560","potions_obtained":[{"floor":1,"key":"SpeedPotion"},{"floor":4,"key":"Poison Potion"},{"floor":11,"key":"SneckoOil"},{"floor":12,"key":"Swift Potion"}],"is_trial":false,"path_per_floor":["M","$","M","M","?","E","R","$","T","R","?","E","?","M","R","B"],"character_chosen":"IRONCLAD","items_purchased":["Armaments"],"campfire_rested":1,"item_purchase_floors":[2],"current_hp_per_floor":[72,72,78,78,73,49,49,49,49,49,49,36,29,24,48,0],"gold":75,"neow_bonus":"TEN_PERCENT_HP_BONUS","is_prod":false,"is_daily":false,"chose_seed":false,"campfire_upgraded":2,"win_rate":0,"timestamp":1547676986,"path_taken":["M","$","M","M","?","E","R","$","T","R","?","E","?","M","R","BOSS"],"build_version":"2019-01-14v2","purchased_purges":2,"victory":false,"max_hp_per_floor":[82,82,82,82,82,82,82,82,82,82,82,82,82,82,82,82],"card_choices":[{"not_picked":["Shockwave","Burning Pact"],"picked":"Wild Strike","floor":1},{"not_picked":["Reckless Charge","Havoc"],"picked":"Combust","floor":3},{"not_picked":["Havoc","Cleave"],"picked":"Rampage","floor":4},{"not_picked":["Armaments","Blood for Blood"],"picked":"True Grit","floor":6},{"not_picked":["Body Slam","Entrench"],"picked":"Rupture","floor":12},{"not_picked":["Whirlwind","Havoc"],"picked":"Clothesline","floor":14}],"player_experience":4368810,"relics_obtained":[{"floor":6,"key":"Dodecahedron"},{"floor":9,"key":"PreservedInsect"},{"floor":12,"key":"Juzu Bracelet"}],"event_choices":[{"damage_healed":0,"gold_gain":0,"player_choice":"Success","damage_taken":5,"relics_obtained":["Tiny Chest"],"max_hp_gain":0,"max_hp_loss":0,"event_name":"Scrap Ooze","floor":5,"gold_loss":0},{"damage_healed":0,"gold_gain":0,"player_choice":"Bought 1 Potion","damage_taken":0,"max_hp_gain":0,"max_hp_loss":0,"event_name":"The Woman in Blue","floor":11,"gold_loss":0},{"cards_removed":["Strike_R"],"damage_healed":0,"gold_gain":0,"player_choice":"Card Removal","damage_taken":7,"max_hp_gain":0,"max_hp_loss":0,"event_name":"Golden Wing","floor":13,"gold_loss":0}],"is_beta":true,"boss_relics":[],"items_purged_floors":[2,8],"is_endless":false,"potions_floor_spawned":[1,4,12],"killed_by":"Hexaghost","ascension_level":20}