{"gold_per_floor":[112,112,37,48,123,123,149,161,214,228,245,271,271,284,284,362,362,381,393,593,259,271,271,42,56,56,56,84,84,84],"floor_reached":30,"playtime":2250,"items_purged":["Strike_B"],"score":520,"play_id":"71f775c1-340e-42d1-ad61-67d55c30ad07","local_time":"20190118091230","is_ascension_mode":true,"campfire_choices":[{"data":"Buffer","floor":6,"key":"SMITH"},{"floor":13,"key":"REST"},{"data":"Sunder","floor":15,"key":"SMITH"},{"floor":23,"key":"REST"},{"floor":27,"key":"REST"},{"data":"Loop","floor":29,"key":"SMITH"}],"neow_cost":"NONE","seed_source_timestamp":8288315201001,"circlet_count":0,"master_deck":["AscendersBane","Strike_B","Strike_B","Defend_B","Defend_B","Defend_B","Defend_B","Zap","Dualcast","Sweeping Beam","Buffer+1","Sunder+1","Conserve Battery","Chill","Coolheaded","Steam","Electrodynamics","BootSequence","Genetic Algorithm","Ball Lightning","Skim","Loop+1"],"relics":["Cracked Core","Omamori","Letter Opener","Potion Belt","Gremlin Horn","Inserter","Centennial Puzzle","ClockworkSouvenir","Meat on the Bone","Mercury Hourglass"],"potions_floor_usage":[12,12,18,18,19,22,28],"damage_taken":[{"damage":0,"enemies":"Small Slimes","floor":1,"turns":2},{"damage":2,"enemies":"Jaw Worm","floor":4,"turns":3},{"damage":40,"enemies":"3 Sentries","floor":7,"turns":9},{"damage":0,"enemies":"Cultist","floor":8,"turns":4},{"damage":0,"enemies":"2 Fungi Beasts","floor":10,"turns":4},{"damage":0,"enemies":"3 Louse","floor":11,"turns":3},{"damage":7,"enemies":"Lagavulin","floor":12,"turns":9},{"damage":7,"enemies":"Looter","floor":14,"turns":4},{"damage":6,"enemies":"The Guardian","floor":16,"turns":15},{"damage":31,"enemies":"Chosen","floor":18,"turns":10},{"damage":29,"enemies":"Shell Parasite","floor":19,"turns":12},{"damage":11,"enemies":"Snake Plant","floor":22,"turns":6},{"damage":0,"enemies":"Snecko","floor":25,"turns":6},{"damage":15,"enemies":"Slavers","floor":28,"turns":5},{"damage":56,"enemies":"Book of Stabbing","floor":30,"turns":5}],"seed_played":"-4207420669291180095","potions_obtained":[{"floor":8,"key":"PowerPotion"},{"floor":10,"key":"Swift Potion"},{"floor":11,"key":"Strength Potion"},{"floor":12,"key":"Block Potion"},{"floor":18,"key":"Regen Potion"},{"floor":19,"key":"Strength Potion"}],"is_trial":false,"path_per_floor":["M","?","?","M","?","R","E","M","T","M","M","E","R","M","R","B",null,"M","M","?","$","M","R","$","M","T","R","E","R","E"],"character_chosen":"DEFECT","items_purchased":["Centennial Puzzle","Genetic Algorithm","Block Potion","ClockworkSouvenir"],"campfire_rested":3,"item_purchase_floors":[21,21,21,24],"current_hp_per_floor":[71,66,66,64,53,53,13,13,13,13,13,6,29,22,22,16,63,32,18,18,18,7,30,30,30,30,53,50,50,0],"gold":84,"neow_bonus":"TEN_PERCENT_HP_BONUS","is_prod":false,"is_daily":false,"chose_seed":false,"campfire_upgraded":3,"win_rate":0,"timestamp":1547831550,"path_taken":["M","?","?","M","?","R","E","M","T","M","M","E","R","M","R","BOSS","M","M","?","$","M","R","$","?","T","R","E","R","E"],"build_version":"2019-01-16","purchased_purges":1,"victory":false,"max_hp_per_floor":[78,78,78,78,78,78,78,78,78,78,78,78,78,78,78,78,78,78,78,78,78,78,78,78,78,78,78,78,78,78],"card_choices":[{"not_picked":["Leap","Barrage"],"picked":"Sweeping Beam","floor":1},{"not_picked":["Cold Snap","Consume"],"picked":"Buffer","floor":4},{"not_picked":["Compile Driver","Capacitor"],"picked":"Sunder","floor":7},{"not_picked":["Turbo","Skim"],"picked":"Conserve Battery","floor":8},{"not_picked":["Stack","Static Discharge"],"picked":"Chill","floor":10},{"not_picked":["Hello World","Steam"],"picked":"Coolheaded","floor":11},{"not_picked":["Streamline","Rebound","Turbo"],"picked":"SKIP","floor":12},{"not_picked":["Consume","Hologram"],"picked":"Steam","floor":14},{"not_picked":["Fission","Amplify"],"picked":"Electrodynamics","floor":16},{"not_picked":["Beam Cell","Go for the Eyes","Rebound"],"picked":"SKIP","floor":18},{"not_picked":["Steam","Melter"],"picked":"BootSequence","floor":19},{"not_picked":["Streamline","Chill"],"picked":"Ball Lightning","floor":22},{"not_picked":["BootSequence+1","Go for the Eyes"],"picked":"Skim","floor":25},{"not_picked":["FTL","Chill"],"picked":"Loop","floor":28}],"player_experience":4393099,"relics_obtained":[{"floor":7,"key":"Letter Opener"},{"floor":9,"key":"Potion Belt"},{"floor":12,"key":"Gremlin Horn"},{"floor":26,"key":"Meat on the Bone"},{"floor":28,"key":"Mercury Hourglass"}],"event_choices":[{"damage_healed":0,"gold_gain":0,"player_choice":"Success","damage_taken":5,"relics_obtained":["Omamori"],"max_hp_gain":0,"max_hp_loss":0,"event_name":"Scrap Ooze","floor":2,"gold_loss":0},{"cards_removed":["Strike_B"],"damage_healed":0,"gold_gain":0,"player_choice":"Card Removal","damage_taken":0,"max_hp_gain":0,"max_hp_loss":0,"event_name":"The Cleric","floor":3,"gold_loss":75},{"damage_healed":0,"gold_gain":75,"player_choice":"Gather Gold","damage_taken":11,"max_hp_gain":0,"max_hp_loss":0,"event_name":"World of Goop","floor":5,"gold_loss":0},{"damage_healed":0,"gold_gain":250,"player_choice":"Bet on Owner","damage_taken":0,"max_hp_gain":0,"max_hp_loss":0,"event_name":"The Joust","floor":20,"gold_loss":50}],"is_beta":true,"boss_relics":[{"not_picked":["Sozu","Eternal Feather"],"picked":"Inserter"}],"items_purged_floors":[21],"is_endless":false,"potions_floor_spawned":[8,10,11,12,18,19],"killed_by":"Book of Stabbing","ascension_level":20}