{"gold_per_floor":[119,131,143,159,209,209,53,87,87,99,111,138,150,162,174,257,269,291,303,330,342,24,24,59,59,83,114,114,129,129,48,48,123,123,135,135,152,164,182,210,210,237,237,154,154,154,154,167,167,167,167,167,167,14,45,45],"floor_reached":56,"playtime":4288,"items_purged":["Strike_G","Poisoned Stab"],"score":1882,"play_id":"542e5d54-bff1-43ab-8be2-4fb32c331602","local_time":"20190117143724","is_ascension_mode":true,"campfire_choices":[{"data":"Skewer","floor":6,"key":"SMITH"},{"data":"Deadly Poison","floor":11,"key":"SMITH"},{"data":"Deadly Poison","floor":13,"key":"SMITH"},{"data":"Neutralize","floor":15,"key":"SMITH"},{"data":"Corpse Explosion","floor":23,"key":"SMITH"},{"floor":25,"key":"REST"},{"data":"Blur","floor":28,"key":"SMITH"},{"data":"Backflip","floor":30,"key":"SMITH"},{"data":"Noxious Fumes","floor":32,"key":"SMITH"},{"floor":41,"key":"REST"},{"floor":47,"key":"RECALL"},{"data":"Footwork","floor":49,"key":"SMITH"},{"data":"Well Laid Plans","floor":53,"key":"SMITH"}],"neow_cost":"TEN_PERCENT_HP_LOSS","seed_source_timestamp":187943688567114,"circlet_count":0,"master_deck":["AscendersBane","Defend_G","Defend_G","Defend_G","Defend_G","Defend_G","Survivor","Neutralize+1","Well Laid Plans","Deadly Poison+1","Skewer+1","Deadly Poison+1","Backflip+1","Well Laid Plans+1","Corpse Explosion+1","Dodge and Roll","Acrobatics+1","Blur+1","Acrobatics+1","Noxious Fumes+1","Adrenaline+1","Deflect+1","Backflip+1","Footwork+1","Footwork+1","Dodge and Roll","Noxious Fumes","Crippling Poison"],"relics":["Ring of the Snake","Bird Faced Urn","Art of War","MawBank","Empty Cage","Chemical X","Letter Opener","Blood Vial","Oddly Smooth Stone","Lizard Tail","Regal Pillow","Bag of Marbles","Shuriken","Happy Flower"],"potions_floor_usage":[4,24,40,42,55,55],"damage_taken":[{"damage":0,"enemies":"Cultist","floor":1,"turns":4},{"damage":0,"enemies":"Jaw Worm","floor":2,"turns":6},{"damage":0,"enemies":"Small Slimes","floor":3,"turns":4},{"damage":2,"enemies":"2 Fungi Beasts","floor":4,"turns":4},{"damage":12,"enemies":"Lagavulin","floor":8,"turns":7},{"damage":3,"enemies":"Blue Slaver","floor":12,"turns":4},{"damage":20,"enemies":"Slime Boss","floor":16,"turns":9},{"damage":10,"enemies":"Shell Parasite","floor":18,"turns":5},{"damage":5,"enemies":"3 Byrds","floor":20,"turns":5},{"damage":17,"enemies":"Book of Stabbing","floor":24,"turns":5},{"damage":6,"enemies":"Gremlin Leader","floor":27,"turns":4},{"damage":0,"enemies":"Centurion and Healer","floor":29,"turns":3},{"damage":37,"enemies":"Collector","floor":33,"turns":7},{"damage":1,"enemies":"Orb Walker","floor":35,"turns":4},{"damage":0,"enemies":"3 Shapes","floor":37,"turns":3},{"damage":0,"enemies":"Sphere and 2 Shapes","floor":38,"turns":4},{"damage":13,"enemies":"Spire Growth","floor":39,"turns":5},{"damage":52,"enemies":"Giant Head","floor":40,"turns":10},{"damage":15,"enemies":"Reptomancer","floor":42,"turns":7},{"damage":0,"enemies":"Jaw Worm Horde","floor":48,"turns":2},{"damage":1,"enemies":"Donu and Deca","floor":50,"turns":10},{"damage":25,"enemies":"Time Eater","floor":51,"turns":16},{"damage":110,"enemies":"Shield and Spear","floor":55,"turns":7},{"damage":47,"enemies":"The Heart","floor":56,"turns":2}],"seed_played":"-3097409420158569253","potions_obtained":[{"floor":2,"key":"Fruit Juice"},{"floor":3,"key":"Energy Potion"},{"floor":4,"key":"SpeedPotion"},{"floor":33,"key":"AttackPotion"},{"floor":35,"key":"SteroidPotion"},{"floor":40,"key":"Explosive Potion"},{"floor":42,"key":"SteroidPotion"}],"is_trial":false,"path_per_floor":["M","M","M","M","?","R","$","E","T","?","R","M","R","?","R","B",null,"M","?","M","$","$","R","E","R","T","E","R","M","R","$","R","B",null,"M","?","M","M","M","E","R","E","T","$","?","T","R","M","R","B","B",null,"R","$","E","B"],"character_chosen":"THE_SILENT","items_purchased":["Deadly Poison","Backflip","Chemical X","Noxious Fumes","Footwork","Noxious Fumes","Crippling Poison"],"campfire_rested":2,"item_purchase_floors":[7,7,22,31,44,54,54],"current_hp_per_floor":[59,59,60,65,65,65,65,53,53,53,53,54,54,54,54,38,58,52,52,51,51,51,51,38,57,57,57,57,63,63,63,63,30,56,63,63,65,65,52,8,42,35,35,35,35,35,35,45,45,56,41,57,57,57,13,0],"gold":45,"neow_bonus":"ONE_RARE_RELIC","is_prod":false,"is_daily":false,"chose_seed":false,"campfire_upgraded":10,"win_rate":0,"timestamp":1547764644,"path_taken":["M","?","M","M","?","R","?","E","T","?","R","M","R","?","R","BOSS","M","?","M","?","$","R","E","R","T","E","R","M","R","$","R","BOSS","M","?","?","M","M","E","R","E","T","$","?","?","R","M","R","BOSS","BOSS","R","$","E","BOSS"],"build_version":"2019-01-16","purchased_purges":2,"victory":false,"max_hp_per_floor":[60,60,60,65,65,65,65,65,65,65,65,65,65,65,65,65,65,65,65,65,65,65,65,65,65,65,65,65,65,65,65,65,65,65,65,65,65,65,65,65,65,65,65,65,62,62,62,62,62,62,62,62,62,62,62,62],"card_choices":[{"not_picked":["Backflip","Slice"],"picked":"Poisoned Stab","floor":1},{"not_picked":["Blade Dance","Heel Hook"],"picked":"Well Laid Plans","floor":2},{"not_picked":["Acrobatics","Quick Slash"],"picked":"Deadly Poison","floor":3},{"not_picked":["Dagger Spray","Dagger Throw"],"picked":"Skewer","floor":4},{"not_picked":["Dagger Spray","Quick Slash"],"picked":"Well Laid Plans","floor":8},{"not_picked":["Cloak And Dagger","Bouncing Flask","Underhanded Strike"],"picked":"SKIP","floor":12},{"not_picked":["Envenom","Night Terror"],"picked":"Corpse Explosion","floor":16},{"not_picked":["Flying Knee","Poisoned Stab"],"picked":"Dodge and Roll","floor":18},{"not_picked":["Blade Dance+1","Accuracy","Acrobatics"],"picked":"SKIP","floor":20},{"not_picked":["Underhanded Strike+1","Prepared"],"picked":"Acrobatics+1","floor":24},{"not_picked":["Skewer","Venomology"],"picked":"Blur","floor":27},{"not_picked":["Flying Knee+1","Infinite Blades"],"picked":"Acrobatics+1","floor":29},{"not_picked":["Phantasmal Killer","Unload"],"picked":"Adrenaline","floor":33},{"not_picked":["Choke","Prepared"],"picked":"Deflect+1","floor":35},{"not_picked":["Blade Dance+1","Deflect","Acrobatics"],"picked":"SKIP","floor":37},{"not_picked":["Skewer","Acrobatics"],"picked":"Backflip+1","floor":38},{"not_picked":["Masterful Stab","Quick Slash","Bane"],"picked":"SKIP","floor":39},{"not_picked":["Choke","Blur","Backflip"],"picked":"SKIP","floor":40},{"not_picked":["Eviscerate+1","Flying Knee"],"picked":"Footwork+1","floor":42},{"not_picked":["Concentrate","Bane+1"],"picked":"Dodge and Roll","floor":48},{"not_picked":["Terror","Sucker Punch","Concentrate"],"picked":"SKIP","floor":55},{"not_picked":["Terror","Sucker Punch","Concentrate"],"picked":"SKIP","floor":55}],"player_experience":4385440,"relics_obtained":[{"floor":8,"key":"Art of War"},{"floor":9,"key":"MawBank"},{"floor":24,"key":"Letter Opener"},{"floor":26,"key":"Blood Vial"},{"floor":27,"key":"Oddly Smooth Stone"},{"floor":40,"key":"Regal Pillow"},{"floor":42,"key":"Bag of Marbles"},{"floor":46,"key":"Shuriken"},{"floor":55,"key":"Happy Flower"}],"event_choices":[{"damage_healed":0,"gold_gain":50,"player_choice":"Pray","damage_taken":0,"max_hp_gain":0,"max_hp_loss":0,"event_name":"Golden Shrine","floor":5,"gold_loss":0},{"cards_removed":["Strike_G"],"damage_healed":0,"gold_gain":0,"player_choice":"Forget","damage_taken":0,"max_hp_gain":0,"max_hp_loss":0,"event_name":"Living Wall","floor":10,"gold_loss":0},{"damage_healed":0,"gold_gain":0,"player_choice":"Ignored","damage_taken":0,"max_hp_gain":0,"max_hp_loss":0,"event_name":"Liars Game","floor":14,"gold_loss":0},{"cards_removed":["Strike_G"],"damage_healed":0,"gold_gain":0,"player_choice":"Offered Basic","damage_taken":0,"max_hp_gain":0,"max_hp_loss":0,"event_name":"Bonfire Elementals","floor":19,"gold_loss":0},{"damage_healed":0,"gold_gain":0,"player_choice":"Upgraded","damage_taken":0,"max_hp_gain":0,"max_hp_loss":0,"event_name":"Upgrade Shrine","floor":36,"gold_loss":0,"cards_upgraded":["Adrenaline"]},{"damage_healed":0,"gold_gain":0,"player_choice":"Max HP","damage_taken":0,"max_hp_gain":0,"max_hp_loss":3,"event_name":"Winding Halls","floor":45,"gold_loss":0}],"is_beta":true,"boss_relics":[{"not_picked":["Pandora\u0027s Box","Ring of the Serpent"],"picked":"Empty Cage"},{"not_picked":["WristBlade","White Beast Statue"],"picked":"Lizard Tail"}],"items_purged_floors":[7,22],"is_endless":false,"potions_floor_spawned":[2,3,4,20,33,35,40,42,48],"killed_by":"The Heart","ascension_level":20}