{"gold_per_floor":[361,29,29,29,62,62,98,98,98,98,155,155,155,155,155,232,232,277,14,14,14,52,52,109,109,133,133,133,200,244,282,282,282],"floor_reached":33,"playtime":1453,"items_purged":["Strike_R"],"score":522,"play_id":"53fddd01-70f0-4bd2-9d6e-565cd9c874ed","local_time":"20190116151958","is_ascension_mode":true,"campfire_choices":[{"data":"HandOfGreed","floor":6,"key":"SMITH"},{"data":"Bash","floor":8,"key":"SMITH"},{"data":"Anger","floor":10,"key":"SMITH"},{"floor":12,"key":"REST"},{"data":"Shrug It Off","floor":15,"key":"SMITH"},{"floor":23,"key":"REST"},{"floor":25,"key":"REST"},{"floor":28,"key":"RECALL"},{"floor":32,"key":"REST"}],"neow_cost":"PERCENT_DAMAGE","seed_source_timestamp":106930777684245,"circlet_count":0,"master_deck":["AscendersBane","Strike_R","Strike_R","Strike_R","Defend_R","Defend_R","Defend_R","Defend_R","Bash+1","Shrug It Off+1","HandOfGreed+1","Battle Trance","Anger+1","Spot Weakness","Limit Break","Battle Trance","True Grit","Heavy Blade+1","Limit Break","Shrug It Off","Metallicize"],"relics":["Burning Blood","Red Skull","Omamori","Question Card","Fusion Hammer","Sling","Mummified Hand","Potion Belt","Oddly Smooth Stone"],"potions_floor_usage":[16,24,33],"damage_taken":[{"damage":0,"enemies":"2 Louse","floor":1,"turns":4},{"damage":4,"enemies":"Jaw Worm","floor":5,"turns":2},{"damage":0,"enemies":"Cultist","floor":7,"turns":2},{"damage":22,"enemies":"Lagavulin","floor":11,"turns":5},{"damage":6,"enemies":"The Guardian","floor":16,"turns":12},{"damage":18,"enemies":"2 Thieves","floor":18,"turns":4},{"damage":17,"enemies":"Shell Parasite","floor":22,"turns":4},{"damage":25,"enemies":"Book of Stabbing","floor":24,"turns":3},{"damage":27,"enemies":"3 Cultists","floor":29,"turns":7},{"damage":17,"enemies":"Centurion and Healer","floor":30,"turns":5},{"damage":15,"enemies":"Shelled Parasite and Fungi","floor":31,"turns":3},{"damage":59,"enemies":"Automaton","floor":33,"turns":6}],"seed_played":"-6253074223294852945","potions_obtained":[{"floor":7,"key":"Dexterity Potion"},{"floor":18,"key":"SteroidPotion"}],"is_trial":false,"path_per_floor":["M","$","?","?","M","R","M","R","T","R","E","R","T","?","R","B",null,"M","$","?","?","M","R","E","R","T","?","R","M","M","M","R","B"],"character_chosen":"IRONCLAD","items_purchased":["HandOfGreed","Strength Potion","Sling","True Grit"],"campfire_rested":4,"item_purchase_floors":[2,2,19,19],"current_hp_per_floor":[56,56,21,21,23,23,29,29,29,29,13,35,35,28,28,28,63,51,51,51,51,40,62,43,65,65,65,65,44,33,24,46,0],"gold":282,"neow_bonus":"TWO_FIFTY_GOLD","is_prod":false,"is_daily":false,"chose_seed":false,"campfire_upgraded":4,"win_rate":0,"timestamp":1547680798,"path_taken":["M","$","?","?","M","R","?","R","T","R","E","R","?","?","R","BOSS","M","$","?","?","M","R","E","R","T","?","R","M","?","M","R","BOSS"],"build_version":"2019-01-14v2","purchased_purges":1,"victory":false,"max_hp_per_floor":[75,75,75,75,75,75,75,75,75,75,75,75,75,75,75,75,75,75,75,75,75,75,75,75,75,75,75,75,75,75,75,75,75],"card_choices":[{"not_picked":["Warcry","Heavy Blade"],"picked":"Shrug It Off","floor":1},{"not_picked":["Flex","Bloodletting"],"picked":"Battle Trance","floor":5},{"not_picked":["Sentinel","Clothesline"],"picked":"Anger","floor":7},{"not_picked":["Pommel Strike","Sword Boomerang"],"picked":"Spot Weakness","floor":11},{"not_picked":["Juggernaut","Double Tap","Barricade"],"picked":"Limit Break","floor":16},{"not_picked":["Wild Strike","Rampage+1","Anger"],"picked":"Battle Trance","floor":18},{"not_picked":["Seeing Red","Spot Weakness","Power Through+1"],"picked":"Heavy Blade+1","floor":22},{"not_picked":["Dark Embrace","Shrug It Off","Anger"],"picked":"Limit Break","floor":24},{"not_picked":["Twin Strike","Thunderclap","Warcry"],"picked":"Shrug It Off","floor":29},{"not_picked":["Sword Boomerang","Bloodletting+1","Anger","Body Slam+1"],"picked":"SKIP","floor":30},{"not_picked":["Combust+1","Rupture","Clash"],"picked":"Metallicize","floor":31}],"player_experience":4371987,"relics_obtained":[{"floor":9,"key":"Omamori"},{"floor":11,"key":"Question Card"},{"floor":24,"key":"Mummified Hand"},{"floor":26,"key":"Potion Belt"}],"event_choices":[{"damage_healed":0,"gold_gain":0,"player_choice":"Success","damage_taken":35,"relics_obtained":["Red Skull"],"max_hp_gain":0,"max_hp_loss":0,"event_name":"Scrap Ooze","floor":3,"gold_loss":0},{"damage_healed":0,"gold_gain":0,"player_choice":"Ignored","damage_taken":0,"max_hp_gain":0,"max_hp_loss":0,"event_name":"Liars Game","floor":4,"gold_loss":0},{"cards_removed":["Strike_R"],"damage_healed":0,"gold_gain":0,"player_choice":"Card Removal","damage_taken":7,"max_hp_gain":0,"max_hp_loss":0,"event_name":"Golden Wing","floor":14,"gold_loss":0},{"damage_healed":0,"gold_gain":0,"player_choice":"Read","damage_taken":0,"max_hp_gain":0,"max_hp_loss":0,"event_name":"The Library","floor":20,"gold_loss":0,"cards_obtained":["Shrug It Off"]},{"damage_healed":0,"gold_gain":0,"player_choice":"Ignored","damage_taken":0,"max_hp_gain":0,"max_hp_loss":0,"event_name":"Ghosts","floor":21,"gold_loss":0},{"cards_removed":["Shrug It Off"],"damage_healed":0,"gold_gain":0,"player_choice":"Gave Card","damage_taken":0,"relics_obtained":["Oddly Smooth Stone"],"max_hp_gain":0,"max_hp_loss":0,"event_name":"WeMeetAgain","floor":27,"gold_loss":0}],"is_beta":true,"boss_relics":[{"not_picked":["Coffee Dripper","Orrery"],"picked":"Fusion Hammer"}],"items_purged_floors":[2],"is_endless":false,"potions_floor_spawned":[7,18,22],"killed_by":"Automaton","ascension_level":20}