{"gold_per_floor":[117,117,135,4,22,22,57,57,57,73,73,73,104,122,122,193,193,204,32,60,5,55,82,97,43,43,56,56,56,56,84,84,158,158,173,173,173,184,184,209,256,256,256,256,478,513,558,470,470,470,470,470,470,14,14],"floor_reached":55,"playtime":3546,"items_purged":["Strike_B","Strike_B"],"score":1855,"play_id":"b6d25362-47bc-4ecb-a310-d327c92bea51","local_time":"20190119140334","is_ascension_mode":true,"campfire_choices":[{"data":"Leap","floor":6,"key":"SMITH"},{"floor":11,"key":"REST"},{"data":"Defend_B","floor":15,"key":"SMITH"},{"floor":28,"key":"REST"},{"floor":30,"key":"REST"},{"floor":32,"key":"REST"},{"floor":42,"key":"REST"},{"floor":49,"key":"RECALL"},{"floor":53,"key":"REST"}],"neow_cost":"NONE","seed_source_timestamp":110858084842826,"circlet_count":0,"master_deck":["AscendersBane","Strike_B+1","Strike_B+1","Defend_B+1","Defend_B+1","Defend_B+1","Defend_B","Zap+1","Dualcast","Leap+1","Sunder+1","Ball Lightning+1","Sunder+1","Chill","Biased Cognition","FTL+1","Go for the Eyes+1","Sweeping Beam+1","Conserve Battery","Static Discharge","Conserve Battery","Fission","Cold Snap+1","Ball Lightning+1","Turbo","Undo","Conserve Battery","Thunder Strike+1","BootSequence+1","Go for the Eyes+1","Apotheosis","Flash of Steel+1","Enlightenment","Glacier","Melter+1","Static Discharge","Consume"],"relics":["Cracked Core","Molten Egg 2","Pantograph","Anchor","Dream Catcher","Orrery","War Paint","Red Mask","Whetstone","Meat on the Bone","Letter Opener","Runic Pyramid","Bag of Marbles","Turnip","Thread and Needle","MawBank","Symbiotic Virus"],"potions_floor_usage":[7,13,20,23,23,24,33,41,55],"damage_taken":[{"damage":1,"enemies":"Cultist","floor":1,"turns":3},{"damage":7,"enemies":"Jaw Worm","floor":3,"turns":3},{"damage":0,"enemies":"Small Slimes","floor":5,"turns":2},{"damage":33,"enemies":"Lagavulin","floor":7,"turns":7},{"damage":4,"enemies":"Exordium Thugs","floor":10,"turns":3},{"damage":8,"enemies":"Gremlin Nob","floor":13,"turns":3},{"damage":0,"enemies":"Blue Slaver","floor":14,"turns":2},{"damage":7,"enemies":"Slime Boss","floor":16,"turns":6},{"damage":0,"enemies":"Chosen","floor":18,"turns":4},{"damage":4,"enemies":"Masked Bandits","floor":20,"turns":3},{"damage":34,"enemies":"Slavers","floor":23,"turns":6},{"damage":6,"enemies":"2 Thieves","floor":24,"turns":3},{"damage":13,"enemies":"Snecko","floor":27,"turns":5},{"damage":41,"enemies":"Gremlin Leader","floor":31,"turns":6},{"damage":37,"enemies":"Automaton","floor":33,"turns":8},{"damage":18,"enemies":"3 Darklings","floor":35,"turns":4},{"damage":0,"enemies":"Orb Walker","floor":38,"turns":4},{"damage":24,"enemies":"Reptomancer","floor":40,"turns":6},{"damage":9,"enemies":"2 Orb Walkers","floor":41,"turns":5},{"damage":4,"enemies":"Nemesis","floor":46,"turns":7},{"damage":5,"enemies":"Awakened One","floor":50,"turns":23},{"damage":40,"enemies":"Time Eater","floor":51,"turns":14},{"damage":72,"enemies":"Shield and Spear","floor":55,"turns":5}],"seed_played":"5092738945002842987","potions_obtained":[{"floor":7,"key":"GamblersBrew"},{"floor":10,"key":"Swift Potion"},{"floor":14,"key":"Dexterity Potion"},{"floor":20,"key":"SpeedPotion"},{"floor":23,"key":"AttackPotion"},{"floor":27,"key":"PowerPotion"},{"floor":33,"key":"AttackPotion"},{"floor":46,"key":"FearPotion"}],"is_trial":false,"path_per_floor":["M","?","M","$","M","R","E","?","T","M","R","$","E","M","R","B",null,"M","$","?","$","?","E","M","$","T","M","R","$","R","E","R","B",null,"M","$","?","M","?","E","?","R","T","?","?","E","T","$","R","B","B",null,"R","$","E"],"character_chosen":"DEFECT","items_purchased":["AttackPotion","War Paint","Conserve Battery","Dexterity Potion","Static Discharge","Symbiotic Virus","Consume"],"campfire_rested":6,"item_purchase_floors":[4,19,21,25,54,54,54],"current_hp_per_floor":[63,63,56,56,56,56,23,23,23,19,40,40,32,32,32,50,66,66,66,62,62,62,28,22,22,22,21,42,42,63,34,55,46,65,47,47,47,47,37,25,28,49,49,49,49,45,45,45,45,62,39,60,67,67,0],"gold":14,"neow_bonus":"UPGRADE_CARD","is_prod":false,"is_daily":false,"chose_seed":false,"campfire_upgraded":2,"win_rate":0,"timestamp":1547935414,"path_taken":["M","?","M","$","M","R","E","?","T","?","R","$","E","M","R","BOSS","M","$","?","?","?","E","M","$","T","M","R","$","R","E","R","BOSS","M","$","?","M","?","E","?","R","T","?","?","E","?","$","R","BOSS","BOSS","R","$","E"],"build_version":"2019-01-17","purchased_purges":2,"victory":false,"max_hp_per_floor":[71,71,71,71,71,71,71,71,71,71,71,71,71,71,71,71,71,71,71,71,71,71,71,71,71,71,71,71,71,71,71,71,71,71,71,71,71,71,71,71,71,71,71,67,67,67,67,67,67,67,67,67,67,67,67],"card_choices":[{"not_picked":["Heatsinks","Steam"],"picked":"Ball Lightning","floor":1},{"not_picked":["Hologram","Go for the Eyes"],"picked":"Leap","floor":3},{"not_picked":["Stack","Rebound","Compile Driver"],"picked":"SKIP","floor":5},{"not_picked":["Stack","White Noise"],"picked":"Sunder","floor":7},{"not_picked":["Turbo","Recycle"],"picked":"Ball Lightning+1","floor":10},{"not_picked":["Chaos","Streamline+1"],"picked":"Sunder+1","floor":13},{"not_picked":["Gash+1","Steam"],"picked":"Chill","floor":14},{"not_picked":["Machine Learning","Multi-Cast"],"picked":"Biased Cognition","floor":16},{"not_picked":["Heatsinks","Barrage+1"],"picked":"FTL+1","floor":17},{"not_picked":["Coolheaded","Leap"],"picked":"Go for the Eyes+1","floor":17},{"not_picked":["Redo","Streamline+1"],"picked":"Sweeping Beam+1","floor":17},{"not_picked":["Redo","Ball Lightning+1"],"picked":"Conserve Battery","floor":18},{"not_picked":["Rebound+1","Hologram"],"picked":"Static Discharge","floor":20},{"not_picked":["Double Energy","Coolheaded"],"picked":"Fission","floor":23},{"not_picked":["Tempest","Barrage+1","Capacitor"],"picked":"SKIP","floor":24},{"not_picked":["Beam Cell+1","Hologram"],"picked":"Cold Snap+1","floor":27},{"not_picked":["Streamline+1","Coolheaded"],"picked":"Ball Lightning+1","floor":28},{"not_picked":["Amplify","Cold Snap+1"],"picked":"Turbo","floor":30},{"not_picked":["Sweeping Beam+1","Lockon+1"],"picked":"Undo","floor":31},{"not_picked":["Genetic Algorithm","Cold Snap+1"],"picked":"Conserve Battery","floor":32},{"not_picked":["Buffer","Fission"],"picked":"Thunder Strike+1","floor":33},{"not_picked":["Turbo","Streamline+1"],"picked":"BootSequence+1","floor":35},{"not_picked":["Leap","Stack"],"picked":"Go for the Eyes+1","floor":38},{"not_picked":["Swift Strike+1","Blind"],"picked":"Apotheosis","floor":39},{"not_picked":["Master of Strategy","Jack Of All Trades"],"picked":"Flash of Steel+1","floor":39},{"not_picked":["Transmutation","PanicButton"],"picked":"Enlightenment","floor":39},{"not_picked":["Storm","Self Repair","Heatsinks+1"],"picked":"SKIP","floor":40},{"not_picked":["Stack","Cold Snap+1"],"picked":"Glacier","floor":42},{"not_picked":["Cold Snap+1","Barrage+1","Beam Cell+1"],"picked":"SKIP","floor":46},{"not_picked":["Undo","Leap"],"picked":"Melter+1","floor":53}],"player_experience":4426919,"relics_obtained":[{"floor":7,"key":"Molten Egg 2"},{"floor":8,"key":"Pantograph"},{"floor":9,"key":"Anchor"},{"floor":13,"key":"Dream Catcher"},{"floor":20,"key":"Red Mask"},{"floor":23,"key":"Whetstone"},{"floor":26,"key":"Meat on the Bone"},{"floor":31,"key":"Letter Opener"},{"floor":40,"key":"Bag of Marbles"},{"floor":41,"key":"Turnip"},{"floor":46,"key":"Thread and Needle"},{"floor":47,"key":"MawBank"}],"event_choices":[{"damage_healed":0,"gold_gain":0,"player_choice":"Grow","damage_taken":0,"max_hp_gain":0,"max_hp_loss":0,"event_name":"Living Wall","floor":2,"gold_loss":0,"cards_upgraded":["Ball Lightning"]},{"damage_healed":0,"gold_gain":0,"player_choice":"Relic","damage_taken":0,"max_hp_gain":0,"max_hp_loss":0,"event_name":"Wheel of Change","floor":8,"gold_loss":0},{"damage_healed":0,"gold_gain":0,"player_choice":"Fought Bandits","damage_taken":0,"max_hp_gain":0,"max_hp_loss":0,"event_name":"Masked Bandits","floor":20,"gold_loss":0},{"damage_healed":0,"gold_gain":50,"player_choice":"Stole From Cult","damage_taken":0,"max_hp_gain":0,"max_hp_loss":0,"event_name":"Nest","floor":22,"gold_loss":0},{"cards_removed":["Ball Lightning"],"damage_healed":0,"gold_gain":0,"player_choice":"Removed Attack","damage_taken":0,"max_hp_gain":0,"max_hp_loss":0,"event_name":"Falling","floor":37,"gold_loss":0},{"damage_healed":0,"gold_gain":0,"player_choice":"Memory 3","damage_taken":10,"max_hp_gain":0,"max_hp_loss":0,"event_name":"SensoryStone","floor":39,"gold_loss":0},{"damage_healed":0,"gold_gain":0,"player_choice":"Fight","damage_taken":0,"max_hp_gain":0,"max_hp_loss":0,"event_name":"Mysterious Sphere","floor":41,"gold_loss":0},{"damage_healed":0,"gold_gain":0,"player_choice":"Max HP","damage_taken":0,"max_hp_gain":0,"max_hp_loss":4,"event_name":"Winding Halls","floor":44,"gold_loss":0},{"damage_healed":0,"gold_gain":222,"player_choice":"Wore Mask","damage_taken":0,"max_hp_gain":0,"max_hp_loss":0,"event_name":"Tomb of Lord Red Mask","floor":45,"gold_loss":0}],"is_beta":true,"boss_relics":[{"not_picked":["Calling Bell","FrozenCore"],"picked":"Orrery"},{"not_picked":["Philosopher\u0027s Stone","Cursed Key"],"picked":"Runic Pyramid"}],"items_purged_floors":[4,48],"is_endless":false,"potions_floor_spawned":[7,10,14,20,23,27,33,46],"killed_by":"Shield and Spear","ascension_level":20}