{"gold_per_floor":[116,116,132,0,20,50,50,50,102,128,128,128,146,184,184,278,278,278,278,278,31,31,31,31,31,31,31,31,31,31,31,31,31,31,31,31,31,31,31,31,31,31,31,31],"floor_reached":44,"playtime":3027,"items_purged":["Strike_G"],"score":952,"play_id":"19cd0daa-0828-4e77-8bca-4aa46e079a06","local_time":"20190116120928","is_ascension_mode":true,"campfire_choices":[{"floor":7,"key":"REST"},{"data":"Noxious Fumes","floor":11,"key":"SMITH"},{"floor":15,"key":"REST"},{"floor":23,"key":"REST"},{"floor":25,"key":"REST"},{"floor":32,"key":"REST"},{"floor":42,"key":"REST"}],"neow_cost":"NONE","seed_source_timestamp":93925832843066,"circlet_count":0,"master_deck":["AscendersBane","Defend_G+1","Defend_G+1","Defend_G+1","Defend_G+1","Defend_G+1","Strike_G+1","Strike_G+1","Strike_G+1","Survivor","Neutralize+1","Cloak And Dagger","Cloak And Dagger","Noxious Fumes+1","After Image","Poisoned Stab","A Thousand Cuts","Bouncing Flask+1","Blade Dance+1","Cloak And Dagger+1","Backstab","Blur","Finisher","Wraith Form v2","Backflip+1"],"relics":["Ring of the Snake","Regal Pillow","Art of War","Mercury Hourglass","Golden Idol","Ancient Tea Set","Ectoplasm","Vajra","Pen Nib","Bag of Preparation","Sozu","War Paint"],"potions_floor_usage":[6,6,22,24,33,44],"damage_taken":[{"damage":3,"enemies":"Jaw Worm","floor":1,"turns":7},{"damage":1,"enemies":"Small Slimes","floor":3,"turns":4},{"damage":0,"enemies":"Cultist","floor":5,"turns":4},{"damage":28,"enemies":"Gremlin Nob","floor":6,"turns":5},{"damage":23,"enemies":"3 Sentries","floor":10,"turns":9},{"damage":0,"enemies":"Blue Slaver","floor":13,"turns":4},{"damage":26,"enemies":"Gremlin Nob","floor":14,"turns":4},{"damage":56,"enemies":"Slime Boss","floor":16,"turns":10},{"damage":19,"enemies":"Spheric Guardian","floor":18,"turns":6},{"damage":4,"enemies":"3 Byrds","floor":20,"turns":5},{"damage":12,"enemies":"Cultist and Chosen","floor":22,"turns":6},{"damage":41,"enemies":"Gremlin Leader","floor":24,"turns":7},{"damage":7,"enemies":"Sentry and Sphere","floor":27,"turns":4},{"damage":0,"enemies":"Centurion and Healer","floor":29,"turns":5},{"damage":12,"enemies":"Shelled Parasite and Fungi","floor":30,"turns":5},{"damage":8,"enemies":"Automaton","floor":33,"turns":9},{"damage":0,"enemies":"3 Shapes","floor":35,"turns":6},{"damage":0,"enemies":"3 Darklings","floor":36,"turns":4},{"damage":59,"enemies":"Maw","floor":38,"turns":8},{"damage":3,"enemies":"Nemesis","floor":40,"turns":9},{"damage":47,"enemies":"Giant Head","floor":44,"turns":7}],"seed_played":"-6362449862964009025","potions_obtained":[{"floor":1,"key":"Fire Potion"},{"floor":13,"key":"Energy Potion"},{"floor":20,"key":"Weak Potion"},{"floor":22,"key":"SkillPotion"},{"floor":30,"key":"Explosive Potion"},{"floor":33,"key":"SpeedPotion"}],"is_trial":false,"path_per_floor":["M","?","M","$","M","E","R","?","T","E","R","?","M","E","R","B",null,"M","?","M","$","M","R","E","R","T","M","?","M","M","?","R","B",null,"M","M","?","M","?","E","$","R","T","E"],"character_chosen":"THE_SILENT","items_purchased":["Noxious Fumes","Block Potion","Vajra"],"campfire_rested":6,"item_purchase_floors":[4,4,21],"current_hp_per_floor":[62,62,61,61,61,33,69,74,74,51,51,51,51,25,61,5,54,35,35,31,31,19,55,14,50,50,43,43,43,31,31,67,59,67,67,67,67,8,8,5,5,41,41,0],"gold":31,"neow_bonus":"TEN_PERCENT_HP_BONUS","is_prod":false,"is_daily":false,"chose_seed":false,"campfire_upgraded":1,"win_rate":0,"timestamp":1547669368,"path_taken":["M","?","M","$","M","E","R","?","T","E","R","?","M","E","R","BOSS","M","?","?","$","M","R","E","R","T","M","?","M","M","?","R","BOSS","M","M","?","M","?","E","$","R","T","E"],"build_version":"2019-01-14v2","purchased_purges":1,"victory":false,"max_hp_per_floor":[72,72,72,72,72,72,72,77,77,77,77,70,70,70,70,70,70,70,70,70,70,70,70,70,70,70,70,70,70,70,70,70,70,70,70,70,70,70,70,70,70,70,70,70],"card_choices":[{"not_picked":["Caltrops","Deflect"],"picked":"Cloak And Dagger","floor":1},{"not_picked":["Setup","All Out Attack"],"picked":"Cloak And Dagger","floor":3},{"not_picked":["Tactician","Cloak And Dagger","Blur"],"picked":"SKIP","floor":5},{"not_picked":["Dash","Noxious Fumes"],"picked":"After Image","floor":6},{"not_picked":["Dagger Throw","Setup","Expertise"],"picked":"SKIP","floor":10},{"not_picked":["Sucker Punch","Distraction"],"picked":"Poisoned Stab","floor":13},{"not_picked":["Heel Hook","Blade Dance","Deflect"],"picked":"SKIP","floor":14},{"not_picked":["Burst","Venomology"],"picked":"A Thousand Cuts","floor":16},{"not_picked":["Dagger Spray","Quick Slash","Poisoned Stab"],"picked":"SKIP","floor":18},{"not_picked":["Prepared","Outmaneuver+1"],"picked":"Bouncing Flask","floor":20},{"not_picked":["Expertise+1","Infinite Blades"],"picked":"Blade Dance+1","floor":22},{"not_picked":["Prepared","Bane"],"picked":"Cloak And Dagger+1","floor":24},{"not_picked":["Flying Knee","Dash"],"picked":"Backstab","floor":27},{"not_picked":["Prepared","Acrobatics"],"picked":"Blur","floor":29},{"not_picked":["Skewer","Dagger Throw"],"picked":"Finisher","floor":30},{"not_picked":["Unload","Grand Finale"],"picked":"Wraith Form v2","floor":33},{"not_picked":["Choke","Dodge and Roll","Dash"],"picked":"SKIP","floor":35},{"not_picked":["Dash","Dagger Spray","Quick Slash"],"picked":"SKIP","floor":36},{"not_picked":["Tactician","Sucker Punch","Blade Dance"],"picked":"SKIP","floor":38},{"not_picked":["Quick Slash","Outmaneuver"],"picked":"Backflip","floor":40}],"player_experience":4359514,"relics_obtained":[{"floor":6,"key":"Regal Pillow"},{"floor":9,"key":"Art of War"},{"floor":10,"key":"Mercury Hourglass"},{"floor":14,"key":"Ancient Tea Set"},{"floor":24,"key":"Pen Nib"},{"floor":26,"key":"Bag of Preparation"},{"floor":40,"key":"War Paint"}],"event_choices":[{"damage_healed":0,"gold_gain":0,"player_choice":"Grow","damage_taken":0,"max_hp_gain":0,"max_hp_loss":0,"event_name":"Living Wall","floor":2,"gold_loss":0,"cards_upgraded":["Neutralize"]},{"damage_healed":0,"gold_gain":0,"player_choice":"Donut","damage_taken":0,"max_hp_gain":5,"max_hp_loss":0,"event_name":"Big Fish","floor":8,"gold_loss":0},{"damage_healed":0,"gold_gain":0,"player_choice":"Lose Max HP","damage_taken":0,"relics_obtained":["Golden Idol"],"max_hp_gain":0,"max_hp_loss":7,"event_name":"Golden Idol","floor":12,"gold_loss":0},{"cards_removed":["Strike_G"],"damage_healed":0,"gold_gain":0,"player_choice":"Purged","damage_taken":0,"max_hp_gain":0,"max_hp_loss":0,"event_name":"Purifier","floor":19,"gold_loss":0},{"damage_healed":0,"gold_gain":0,"player_choice":"Simplicity","damage_taken":0,"max_hp_gain":0,"max_hp_loss":0,"event_name":"Back to Basics","floor":28,"gold_loss":0,"cards_upgraded":["Defend_G","Defend_G","Defend_G","Defend_G","Defend_G","Strike_G","Strike_G","Strike_G"]},{"damage_healed":0,"gold_gain":0,"player_choice":"Ignored","damage_taken":0,"max_hp_gain":0,"max_hp_loss":0,"event_name":"Beggar","floor":31,"gold_loss":0},{"damage_healed":0,"gold_gain":0,"player_choice":"Ignored","damage_taken":0,"max_hp_gain":0,"max_hp_loss":0,"event_name":"The Moai Head","floor":37,"gold_loss":0},{"damage_healed":0,"gold_gain":0,"player_choice":"Ignored","damage_taken":0,"max_hp_gain":0,"max_hp_loss":0,"event_name":"Mysterious Sphere","floor":39,"gold_loss":0}],"is_beta":true,"boss_relics":[{"not_picked":["Coffee Dripper","Velvet Choker"],"picked":"Ectoplasm"},{"not_picked":["Lizard Tail","Eternal Feather"],"picked":"Sozu"}],"items_purged_floors":[21],"is_endless":false,"potions_floor_spawned":[1,5,13,20,22,30,33,36,40],"killed_by":"Giant Head","ascension_level":20}