{"gold_per_floor":[118,118,134,152,164,164,199,217,217,217,217,217],"floor_reached":12,"playtime":754,"items_purged":[],"score":160,"play_id":"2fdf0523-7aee-4695-9586-0dc71ef413a6","local_time":"20190115153219","is_ascension_mode":true,"campfire_choices":[{"data":"Twin Strike","floor":6,"key":"SMITH"},{"data":"Anger","floor":10,"key":"SMITH"}],"neow_cost":"NONE","seed_source_timestamp":21970770832925,"circlet_count":0,"master_deck":["AscendersBane","Strike_R","Strike_R","Strike_R","Strike_R","Defend_R","Defend_R","Defend_R+1","Defend_R","Bash+1","Twin Strike+1","Shockwave","Evolve+1","Reaper","Anger+1"],"relics":["Burning Blood","Nunchaku","Bag of Marbles"],"potions_floor_usage":[8],"damage_taken":[{"damage":3,"enemies":"2 Louse","floor":1,"turns":4},{"damage":0,"enemies":"Cultist","floor":3,"turns":2},{"damage":9,"enemies":"Jaw Worm","floor":4,"turns":3},{"damage":7,"enemies":"Looter","floor":5,"turns":4},{"damage":35,"enemies":"3 Sentries","floor":7,"turns":10},{"damage":19,"enemies":"Gremlin Gang","floor":8,"turns":5},{"damage":37,"enemies":"Lagavulin","floor":12,"turns":7}],"seed_played":"7399431973222061679","potions_obtained":[{"floor":4,"key":"PowerPotion"},{"floor":7,"key":"Ancient Potion"}],"is_trial":false,"path_per_floor":["M","?","M","M","M","R","E","M","T","R","?","E"],"character_chosen":"IRONCLAD","items_purchased":[],"campfire_rested":0,"item_purchase_floors":[],"current_hp_per_floor":[71,71,75,72,71,71,42,53,53,53,30,0],"gold":217,"neow_bonus":"UPGRADE_CARD","is_prod":false,"is_daily":false,"chose_seed":false,"campfire_upgraded":2,"win_rate":0,"timestamp":1547595139,"path_taken":["M","?","?","M","M","R","E","M","T","R","?","E"],"build_version":"2019-01-14v2","purchased_purges":0,"victory":false,"max_hp_per_floor":[75,75,75,75,75,75,75,75,75,75,75,75],"card_choices":[{"not_picked":["Headbutt","Rupture"],"picked":"Twin Strike","floor":1},{"not_picked":["Flex","Armaments"],"picked":"Shockwave","floor":3},{"not_picked":["Iron Wave","Shrug It Off"],"picked":"Evolve","floor":4},{"not_picked":["Heavy Blade","Pummel","Shockwave"],"picked":"SKIP","floor":5},{"not_picked":["Uppercut","Dual Wield"],"picked":"Reaper","floor":7},{"not_picked":["Twin Strike","Armaments"],"picked":"Anger","floor":8}],"player_experience":4358760,"relics_obtained":[{"floor":7,"key":"Nunchaku"},{"floor":9,"key":"Bag of Marbles"}],"event_choices":[{"cards_removed":["Strike_R"],"damage_healed":0,"gold_gain":0,"player_choice":"Purged","damage_taken":0,"max_hp_gain":0,"max_hp_loss":0,"event_name":"Purifier","floor":2,"gold_loss":0},{"damage_healed":0,"gold_gain":0,"player_choice":"Entered Light","damage_taken":23,"max_hp_gain":0,"max_hp_loss":0,"event_name":"Shining Light","floor":11,"gold_loss":0,"cards_upgraded":["Evolve","Defend_R"]}],"is_beta":true,"boss_relics":[],"items_purged_floors":[],"is_endless":false,"potions_floor_spawned":[4,7],"killed_by":"Lagavulin","ascension_level":20}