{"gold_per_floor":[359,372,18,18,31,31,59,59,59,70,70,83,102,67,67,142,142,157,257,8,8,28,59,59,59],"floor_reached":25,"playtime":1510,"items_purged":["Strike_B"],"score":442,"play_id":"79bf1075-ed55-4426-8578-cf8b3e19021d","local_time":"20190119155527","is_ascension_mode":true,"campfire_choices":[{"floor":6,"key":"REST"},{"data":"Zap","floor":8,"key":"SMITH"},{"floor":11,"key":"REST"},{"floor":15,"key":"DIG"},{"floor":24,"key":"REST"}],"neow_cost":"PERCENT_DAMAGE","seed_source_timestamp":119606816443814,"circlet_count":0,"master_deck":["AscendersBane","Strike_B","Strike_B","Defend_B+1","Defend_B","Defend_B","Defend_B+1","Zap+1","Dualcast","Sweeping Beam","Ball Lightning","Loop+1","Ball Lightning","Static Discharge+1","Heatsinks+1","Hologram","Biased Cognition+1","Genetic Algorithm","Glacier","Storm+1","Steam","Skim","Steam Power"],"relics":["Cracked Core","Frozen Egg 2","Sundial","Shovel","War Paint","Fusion Hammer","Torii","Bottled Tornado","Smiling Mask"],"potions_floor_usage":[7,19,23],"damage_taken":[{"damage":0,"enemies":"Cultist","floor":1,"turns":3},{"damage":0,"enemies":"Small Slimes","floor":2,"turns":2},{"damage":12,"enemies":"Jaw Worm","floor":5,"turns":3},{"damage":21,"enemies":"3 Sentries","floor":7,"turns":4},{"damage":20,"enemies":"Exordium Thugs","floor":10,"turns":4},{"damage":4,"enemies":"Red Slaver","floor":12,"turns":2},{"damage":7,"enemies":"Large Slime","floor":13,"turns":3},{"damage":22,"enemies":"Hexaghost","floor":16,"turns":7},{"damage":6,"enemies":"3 Byrds","floor":18,"turns":2},{"damage":14,"enemies":"Colosseum Slavers","floor":19,"turns":3},{"damage":16,"enemies":"Colosseum Nobs","floor":19,"turns":3},{"damage":6,"enemies":"Chosen","floor":22,"turns":3},{"damage":9,"enemies":"Book of Stabbing","floor":23,"turns":4},{"damage":44,"enemies":"Slavers","floor":25,"turns":3}],"seed_played":"-2918527020273929483","potions_obtained":[{"floor":2,"key":"Strength Potion"},{"floor":5,"key":"LiquidBronze"},{"floor":16,"key":"Block Potion"},{"floor":19,"key":"Block Potion"}],"is_trial":false,"path_per_floor":["M","M","$","?","M","R","E","R","T","M","R","M","M","?","R","B",null,"M","?","$","?","M","E","R","E"],"character_chosen":"DEFECT","items_purchased":["Frozen Egg 2","Loop+1","Storm+1","Steam","Skim"],"campfire_rested":3,"item_purchase_floors":[3,3,20,20,20],"current_hp_per_floor":[46,46,46,46,34,55,34,34,34,14,35,31,24,41,41,19,58,52,22,22,22,16,7,28,0],"gold":59,"neow_bonus":"TWO_FIFTY_GOLD","is_prod":false,"is_daily":false,"chose_seed":false,"campfire_upgraded":1,"win_rate":0,"timestamp":1547942127,"path_taken":["M","M","$","?","M","R","E","R","T","?","R","M","M","?","R","BOSS","M","?","$","?","M","E","R","E"],"build_version":"2019-01-17","purchased_purges":1,"victory":false,"max_hp_per_floor":[71,71,71,71,71,71,71,71,71,71,71,71,71,71,71,71,71,71,71,71,71,71,71,71,71],"card_choices":[{"not_picked":["Turbo","Barrage"],"picked":"Sweeping Beam","floor":1},{"not_picked":["Barrage","Gash"],"picked":"Ball Lightning","floor":2},{"not_picked":["Redo","Blizzard"],"picked":"Ball Lightning","floor":5},{"not_picked":["Lockon","Chaos","Rebound"],"picked":"SKIP","floor":7},{"not_picked":["Leap","Barrage"],"picked":"Static Discharge+1","floor":10},{"not_picked":["Stack","Fusion"],"picked":"Heatsinks+1","floor":12},{"not_picked":["Compile Driver","Steam Power"],"picked":"Hologram","floor":13},{"not_picked":["Hyperbeam","Electrodynamics+1"],"picked":"Biased Cognition+1","floor":16},{"not_picked":["Steam Power","Turbo"],"picked":"Genetic Algorithm","floor":18},{"not_picked":["Hologram","Melter"],"picked":"Glacier","floor":19},{"not_picked":["Rip and Tear","Melter","Gash"],"picked":"SKIP","floor":22},{"not_picked":["Sweeping Beam+1","Go for the Eyes"],"picked":"Steam Power","floor":23}],"player_experience":4435468,"relics_obtained":[{"floor":7,"key":"Sundial"},{"floor":9,"key":"Shovel"},{"floor":15,"key":"War Paint"},{"floor":19,"key":"Torii"},{"floor":19,"key":"Bottled Tornado"},{"floor":23,"key":"Smiling Mask"}],"event_choices":[{"cards_removed":["Strike_B"],"damage_healed":0,"gold_gain":0,"player_choice":"Purged","damage_taken":0,"max_hp_gain":0,"max_hp_loss":0,"event_name":"Purifier","floor":4,"gold_loss":0},{"damage_healed":17,"gold_gain":0,"player_choice":"Healed","damage_taken":0,"max_hp_gain":0,"max_hp_loss":0,"event_name":"The Cleric","floor":14,"gold_loss":35},{"damage_healed":0,"gold_gain":0,"player_choice":"Fight","damage_taken":0,"max_hp_gain":0,"max_hp_loss":0,"event_name":"Colosseum","floor":19,"gold_loss":0},{"damage_healed":0,"gold_gain":0,"player_choice":"Fought Nobs","damage_taken":0,"max_hp_gain":0,"max_hp_loss":0,"event_name":"Colosseum","floor":19,"gold_loss":0},{"damage_healed":0,"gold_gain":0,"player_choice":"Ignored","damage_taken":0,"max_hp_gain":0,"max_hp_loss":0,"event_name":"N\u0027loth","floor":21,"gold_loss":0}],"is_beta":true,"boss_relics":[{"not_picked":["Cursed Key","Tiny House"],"picked":"Fusion Hammer"}],"items_purged_floors":[20],"is_endless":false,"potions_floor_spawned":[2,5,16,18,19],"killed_by":"Slavers","ascension_level":20}