{"gold_per_floor":[115,130,205,222,232,232,232,261,261,277,277,277,277,308,308,308],"floor_reached":16,"playtime":1618,"items_purged":[],"score":220,"play_id":"ce7f69d9-d54e-4e4b-b05d-56b6e6cbac23","local_time":"20190118131545","is_ascension_mode":true,"campfire_choices":[{"floor":6,"key":"REST"},{"data":"Zap","floor":11,"key":"SMITH"},{"data":"Rebound","floor":13,"key":"SMITH"},{"floor":15,"key":"REST"}],"neow_cost":"NONE","seed_source_timestamp":23516643750764,"circlet_count":0,"master_deck":["AscendersBane","Strike_B","Strike_B","Strike_B","Strike_B","Defend_B","Defend_B","Defend_B","Zap+1","Dualcast","Gash","Rebound+1","Leap","Cold Snap","Glacier"],"relics":["Cracked Core","Pen Nib","Bag of Marbles","FaceOfCleric","Symbiotic Virus"],"potions_floor_usage":[5,8,14],"damage_taken":[{"damage":1,"enemies":"Cultist","floor":1,"turns":3},{"damage":4,"enemies":"Jaw Worm","floor":2,"turns":4},{"damage":0,"enemies":"2 Louse","floor":4,"turns":3},{"damage":12,"enemies":"Exordium Thugs","floor":5,"turns":4},{"damage":15,"enemies":"Lagavulin","floor":8,"turns":7},{"damage":4,"enemies":"Lots of Slimes","floor":10,"turns":5},{"damage":13,"enemies":"3 Sentries","floor":14,"turns":6},{"damage":41,"enemies":"Slime Boss","floor":16,"turns":9}],"seed_played":"-905976075575759323","potions_obtained":[{"floor":0,"key":"Explosive Potion"},{"floor":0,"key":"Dexterity Potion"},{"floor":5,"key":"LiquidBronze"},{"floor":10,"key":"Energy Potion"}],"is_trial":false,"path_per_floor":["M","M","?","M","M","R","?","E","T","M","R","?","R","E","R","B"],"character_chosen":"DEFECT","items_purchased":[],"campfire_rested":2,"item_purchase_floors":[],"current_hp_per_floor":[63,59,48,48,36,57,50,35,35,31,31,31,31,19,40,0],"gold":308,"neow_bonus":"THREE_SMALL_POTIONS","is_prod":false,"is_daily":false,"chose_seed":false,"campfire_upgraded":2,"win_rate":0,"timestamp":1547846145,"path_taken":["M","?","?","M","M","R","?","E","T","M","R","?","R","E","R","BOSS"],"build_version":"2019-01-16","purchased_purges":0,"victory":false,"max_hp_per_floor":[71,71,71,71,71,71,71,71,71,71,71,71,71,72,72,72],"card_choices":[{"not_picked":["Steam","Beam Cell"],"picked":"Gash","floor":1},{"not_picked":["Creative AI","Sunder"],"picked":"Rebound","floor":2},{"not_picked":["Tempest","Sweeping Beam"],"picked":"Leap","floor":4},{"not_picked":["Conserve Battery","Rebound","Turbo"],"picked":"SKIP","floor":5},{"not_picked":["Double Energy","Beam Cell"],"picked":"Cold Snap","floor":8},{"not_picked":["Rebound","Barrage"],"picked":"Glacier","floor":10}],"player_experience":4407869,"relics_obtained":[{"floor":8,"key":"Pen Nib"},{"floor":9,"key":"Bag of Marbles"},{"floor":14,"key":"Symbiotic Virus"}],"event_choices":[{"damage_healed":0,"gold_gain":75,"player_choice":"Gather Gold","damage_taken":11,"max_hp_gain":0,"max_hp_loss":0,"event_name":"World of Goop","floor":3,"gold_loss":0},{"cards_removed":["Defend_B"],"damage_healed":0,"gold_gain":0,"player_choice":"Card Removal","damage_taken":7,"max_hp_gain":0,"max_hp_loss":0,"event_name":"Golden Wing","floor":7,"gold_loss":0},{"damage_healed":0,"gold_gain":0,"player_choice":"Trade","damage_taken":0,"relics_obtained":["FaceOfCleric"],"max_hp_gain":0,"max_hp_loss":0,"event_name":"FaceTrader","floor":12,"gold_loss":0}],"is_beta":true,"boss_relics":[],"items_purged_floors":[],"is_endless":false,"potions_floor_spawned":[4,5,10],"killed_by":"Slime Boss","ascension_level":20}