{"gold_per_floor":[219,219,232,243,4,4,35,35,85,85,104,137,155,155,155,232,232,249,278,203,203,219,219,219,219,219,219,219,219,246,24,24,24],"floor_reached":33,"playtime":1900,"items_purged":["Strike_B"],"score":538,"play_id":"c70e75e3-a6de-430e-8e37-6a774ae2a749","local_time":"20190116145504","is_ascension_mode":true,"campfire_choices":[{"data":"Defragment","floor":6,"key":"SMITH"},{"data":"Zap","floor":8,"key":"SMITH"},{"data":"Leap","floor":10,"key":"SMITH"},{"data":"Rip and Tear","floor":15,"key":"SMITH"},{"data":"Coolheaded","floor":23,"key":"SMITH"},{"floor":25,"key":"REST"},{"data":"Defend_B","floor":29,"key":"SMITH"},{"floor":32,"key":"REST"}],"neow_cost":"NONE","seed_source_timestamp":104989462517323,"circlet_count":0,"master_deck":["AscendersBane","Defend_B","Defend_B","Defend_B","Defend_B+1","Zap+1","Dualcast","Rip and Tear+1","Compile Driver","Leap+1","Defragment+1","FTL","Ball Lightning","Cold Snap","Cold Snap","Coolheaded+1","Coolheaded+1","Cold Snap+1","Go for the Eyes+1","Hologram"],"relics":["Cracked Core","Juzu Bracelet","Omamori","Pantograph","Sozu","Red Mask","Matryoshka","Bag of Marbles","DataDisk","Ornamental Fan","Dream Catcher","OrangePellets"],"potions_floor_usage":[12,19,33],"damage_taken":[{"damage":0,"enemies":"Cultist","floor":1,"turns":3},{"damage":0,"enemies":"2 Louse","floor":3,"turns":1},{"damage":0,"enemies":"Small Slimes","floor":4,"turns":2},{"damage":11,"enemies":"Lagavulin","floor":7,"turns":6},{"damage":12,"enemies":"3 Louse","floor":11,"turns":3},{"damage":6,"enemies":"3 Sentries","floor":12,"turns":5},{"damage":0,"enemies":"Looter","floor":13,"turns":3},{"damage":10,"enemies":"The Guardian","floor":16,"turns":10},{"damage":2,"enemies":"Shell Parasite","floor":18,"turns":3},{"damage":19,"enemies":"Masked Bandits","floor":19,"turns":6},{"damage":0,"enemies":"3 Byrds","floor":22,"turns":6},{"damage":12,"enemies":"Colosseum Slavers","floor":24,"turns":4},{"damage":21,"enemies":"Gremlin Leader","floor":30,"turns":7},{"damage":77,"enemies":"Automaton","floor":33,"turns":14}],"seed_played":"8424989068502059095","potions_obtained":[{"floor":4,"key":"Energy Potion"},{"floor":12,"key":"Ancient Potion"},{"floor":16,"key":"SneckoOil"}],"is_trial":false,"path_per_floor":["M","?","M","M","$","R","E","R","T","R","M","E","M","?","R","B",null,"M","?","?","?","M","R","?","R","T","$","T","R","E","$","R","B"],"character_chosen":"DEFECT","items_purchased":["Defragment","FTL","OrangePellets"],"campfire_rested":2,"item_purchase_floors":[5,5,31],"current_hp_per_floor":[64,64,64,64,64,64,53,53,53,53,41,35,35,35,35,50,66,64,45,45,45,45,45,33,54,54,54,54,54,33,33,54,0],"gold":24,"neow_bonus":"HUNDRED_GOLD","is_prod":false,"is_daily":false,"chose_seed":false,"campfire_upgraded":6,"win_rate":0,"timestamp":1547679304,"path_taken":["M","?","M","M","$","R","E","R","T","R","M","E","M","?","R","BOSS","M","?","?","?","M","R","?","R","T","?","?","R","E","$","R","BOSS"],"build_version":"2019-01-14v2","purchased_purges":1,"victory":false,"max_hp_per_floor":[71,71,71,71,71,71,71,71,71,71,71,71,71,71,71,71,71,71,71,71,71,71,71,71,71,71,71,71,71,71,71,71,71],"card_choices":[{"not_picked":["Turbo","Beam Cell"],"picked":"Rip and Tear","floor":1},{"not_picked":["Recycle","Stack"],"picked":"Compile Driver","floor":3},{"not_picked":["Redo","Capacitor"],"picked":"Leap","floor":4},{"not_picked":["Cold Snap","Stack"],"picked":"Ball Lightning","floor":7},{"not_picked":["Steam","Recycle"],"picked":"Cold Snap","floor":11},{"not_picked":["Ball Lightning","Darkness"],"picked":"Cold Snap","floor":12},{"not_picked":["Storm","Amplify"],"picked":"Coolheaded","floor":13},{"not_picked":["Fusion","Compile Driver"],"picked":"Coolheaded+1","floor":18},{"not_picked":["Ball Lightning","Beam Cell+1"],"picked":"Cold Snap+1","floor":19},{"not_picked":["Lockon","Streamline"],"picked":"Go for the Eyes+1","floor":22},{"not_picked":["Leap","Tempest","Turbo"],"picked":"SKIP","floor":30},{"not_picked":["Self Repair","BootSequence"],"picked":"Hologram","floor":32}],"player_experience":4370087,"relics_obtained":[{"floor":7,"key":"Juzu Bracelet"},{"floor":9,"key":"Omamori"},{"floor":12,"key":"Pantograph"},{"floor":19,"key":"Red Mask"},{"floor":26,"key":"Bag of Marbles"},{"floor":28,"key":"DataDisk"},{"floor":28,"key":"Ornamental Fan"},{"floor":30,"key":"Dream Catcher"}],"event_choices":[{"cards_removed":["Strike_B"],"damage_healed":0,"gold_gain":0,"player_choice":"Purged","damage_taken":0,"max_hp_gain":0,"max_hp_loss":0,"event_name":"Purifier","floor":2,"gold_loss":0},{"cards_removed":["Strike_B"],"damage_healed":0,"gold_gain":0,"player_choice":"Offered Basic","damage_taken":0,"max_hp_gain":0,"max_hp_loss":0,"event_name":"Bonfire Elementals","floor":14,"gold_loss":0},{"damage_healed":0,"gold_gain":0,"player_choice":"Fought Bandits","damage_taken":0,"max_hp_gain":0,"max_hp_loss":0,"event_name":"Masked Bandits","floor":19,"gold_loss":0},{"cards_removed":["Strike_B"],"damage_healed":0,"gold_gain":0,"player_choice":"Gave Gold","damage_taken":0,"max_hp_gain":0,"max_hp_loss":0,"event_name":"Beggar","floor":20,"gold_loss":75},{"damage_healed":0,"gold_gain":0,"player_choice":"Stole Relic","damage_taken":0,"relics_obtained":["Matryoshka"],"max_hp_gain":0,"max_hp_loss":0,"event_name":"Addict","floor":21,"gold_loss":0,"cards_obtained":["Shame"]},{"damage_healed":0,"gold_gain":0,"player_choice":"Fight","damage_taken":0,"max_hp_gain":0,"max_hp_loss":0,"event_name":"Colosseum","floor":24,"gold_loss":0},{"damage_healed":0,"gold_gain":0,"player_choice":"Fled From Nobs","damage_taken":0,"max_hp_gain":0,"max_hp_loss":0,"event_name":"Colosseum","floor":24,"gold_loss":0}],"is_beta":true,"boss_relics":[{"not_picked":["Black Star","Pandora\u0027s Box"],"picked":"Sozu"}],"items_purged_floors":[5],"is_endless":false,"potions_floor_spawned":[4,12,16,22,30],"killed_by":"Automaton","ascension_level":20}