{"gold_per_floor":[117,117,16,66,77,77,105,105,152,165,180,180,194,219,219,291,291,308,308,488,498,518,548,559,589,589,589,605,17,17,44,44,115,115,130,148,9,19,19,19,49,64,64,79,99,129,129,160,160,160,160,160,160,14,43,43],"floor_reached":56,"playtime":5441,"items_purged":[],"score":2414,"play_id":"d5d64bf0-e618-4766-bd35-6c2a71dabaec","local_time":"20190118165516","is_ascension_mode":true,"campfire_choices":[{"data":"Dash","floor":6,"key":"SMITH"},{"data":"Footwork","floor":8,"key":"SMITH"},{"data":"Well Laid Plans","floor":12,"key":"SMITH"},{"data":"A Thousand Cuts","floor":15,"key":"SMITH"},{"data":"Leg Sweep","floor":27,"key":"SMITH"},{"data":"Noxious Fumes","floor":32,"key":"SMITH"},{"data":"Bouncing Flask","floor":40,"key":"SMITH"},{"floor":47,"key":"RECALL"},{"data":"Footwork","floor":49,"key":"SMITH"},{"data":"Dodge and Roll","floor":53,"key":"SMITH"}],"neow_cost":"NONE","seed_source_timestamp":32870165296074,"circlet_count":0,"master_deck":["AscendersBane","Defend_G","Defend_G","Defend_G","Defend_G","Defend_G","Survivor","Neutralize+1","Leg Sweep+1","Footwork+1","Dash+1","Well Laid Plans+1","A Thousand Cuts+1","Noxious Fumes+1","Night Terror","Dodge and Roll+1","Bite","Bite","Bite","Bite","Predator+1","PiercingWail","After Image","Bouncing Flask+1","Prepared+1","Adrenaline+1","PiercingWail+1","Backflip+1","Blade Dance+1","Dodge and Roll+1","Leg Sweep+1","Calculated Gamble+1","Dodge and Roll+1","Footwork+1","Crippling Poison+1","Mayhem","Deadly Poison+1"],"relics":["Ring of the Snake","NeowsBlessing","The Courier","PreservedInsect","Snake Skull","Runic Dome","Orichalcum","Ice Cream","Membership Card","Bronze Scales","Thread and Needle","Gambling Chip","Toxic Egg 2","Vajra","Coffee Dripper","Calipers","Turnip","Bag of Preparation","Prayer Wheel","Gremlin Horn","Paper Crane"],"potions_floor_usage":[18,23,25,33,33,50,56],"damage_taken":[{"damage":0,"enemies":"Jaw Worm","floor":1,"turns":1},{"damage":0,"enemies":"Cultist","floor":5,"turns":1},{"damage":0,"enemies":"3 Sentries","floor":7,"turns":2},{"damage":0,"enemies":"Small Slimes","floor":10,"turns":4},{"damage":0,"enemies":"Red Slaver","floor":11,"turns":8},{"damage":1,"enemies":"2 Fungi Beasts","floor":13,"turns":4},{"damage":0,"enemies":"Lagavulin","floor":14,"turns":9},{"damage":6,"enemies":"The Guardian","floor":16,"turns":12},{"damage":16,"enemies":"3 Byrds","floor":18,"turns":5},{"damage":0,"enemies":"Spheric Guardian","floor":21,"turns":7},{"damage":35,"enemies":"Shelled Parasite and Fungi","floor":22,"turns":13},{"damage":29,"enemies":"Gremlin Leader","floor":23,"turns":5},{"damage":3,"enemies":"Snecko","floor":24,"turns":6},{"damage":8,"enemies":"Book of Stabbing","floor":25,"turns":7},{"damage":12,"enemies":"3 Cultists","floor":28,"turns":4},{"damage":19,"enemies":"Gremlin Leader","floor":31,"turns":5},{"damage":0,"enemies":"Collector","floor":33,"turns":11},{"damage":8,"enemies":"Orb Walker","floor":35,"turns":4},{"damage":0,"enemies":"3 Shapes","floor":36,"turns":4},{"damage":0,"enemies":"Maw","floor":38,"turns":8},{"damage":0,"enemies":"Reptomancer","floor":41,"turns":6},{"damage":0,"enemies":"Writhing Mass","floor":42,"turns":5},{"damage":0,"enemies":"4 Shapes","floor":44,"turns":4},{"damage":0,"enemies":"Sphere and 2 Shapes","floor":45,"turns":5},{"damage":1,"enemies":"Nemesis","floor":46,"turns":7},{"damage":0,"enemies":"Reptomancer","floor":48,"turns":4},{"damage":2,"enemies":"Awakened One","floor":50,"turns":18},{"damage":0,"enemies":"Time Eater","floor":51,"turns":17},{"damage":41,"enemies":"Shield and Spear","floor":55,"turns":9},{"damage":30,"enemies":"The Heart","floor":56,"turns":2}],"seed_played":"-6423213653444870759","potions_obtained":[{"floor":1,"key":"Fire Potion"},{"floor":22,"key":"GhostInAJar"},{"floor":24,"key":"SkillPotion"},{"floor":28,"key":"EssenceOfSteel"},{"floor":33,"key":"GhostInAJar"},{"floor":38,"key":"Regen Potion"},{"floor":41,"key":"Swift Potion"}],"is_trial":false,"path_per_floor":["M","?","$","?","M","R","E","R","T","M","M","R","M","E","R","B",null,"M","?","?","M","M","E","M","E","T","R","M","$","?","E","R","B",null,"M","M","$","M","?","R","E","M","T","M","M","E","R","E","R","B","B",null,"R","$","E","B"],"character_chosen":"THE_SILENT","items_purchased":["Footwork","AttackPotion","Membership Card","Bronze Scales","Thread and Needle","Gambling Chip","Toxic Egg 2","Backflip+1","Calipers","Crippling Poison+1","LiquidBronze","Mayhem"],"campfire_rested":0,"item_purchase_floors":[3,3,29,29,29,29,29,37,37,54,54,54],"current_hp_per_floor":[59,59,59,59,59,59,59,59,59,59,59,59,58,58,58,52,63,47,46,28,46,43,25,36,36,36,36,36,36,36,31,31,46,46,40,46,46,46,46,46,46,46,46,46,46,46,46,46,46,46,46,46,46,46,19,0],"gold":43,"neow_bonus":"THREE_ENEMY_KILL","is_prod":false,"is_daily":false,"chose_seed":false,"campfire_upgraded":9,"win_rate":0,"timestamp":1547859316,"path_taken":["M","?","$","?","M","R","E","R","T","M","M","R","?","E","R","BOSS","M","?","?","?","M","E","M","E","T","R","M","$","?","E","R","BOSS","M","M","$","M","?","R","E","M","T","M","?","E","R","E","R","BOSS","BOSS","R","$","E","BOSS"],"build_version":"2019-01-16","purchased_purges":0,"victory":false,"max_hp_per_floor":[66,66,66,66,66,66,66,66,66,66,66,66,66,66,66,66,66,66,46,46,46,46,46,46,46,46,46,46,46,46,46,46,46,46,46,46,46,46,46,46,46,46,46,46,46,46,46,46,46,46,46,46,46,46,46,46],"card_choices":[{"not_picked":["Bane","Setup"],"picked":"Leg Sweep","floor":1},{"not_picked":["Choke","Deflect"],"picked":"Dash","floor":5},{"not_picked":["Flechettes","Predator"],"picked":"Well Laid Plans","floor":7},{"not_picked":["Acrobatics","Prepared","Cloak And Dagger"],"picked":"SKIP","floor":10},{"not_picked":["Eviscerate","Dodge and Roll","Slice"],"picked":"SKIP","floor":11},{"not_picked":["Dodge and Roll","Blade Dance"],"picked":"A Thousand Cuts","floor":13},{"not_picked":["Prepared","After Image"],"picked":"Noxious Fumes","floor":14},{"not_picked":["Die Die Die","A Thousand Cuts"],"picked":"Night Terror","floor":16},{"not_picked":["Slice","Flying Knee+1"],"picked":"Dodge and Roll","floor":18},{"not_picked":["Predator","Deadly Poison","Choke"],"picked":"SKIP","floor":21},{"not_picked":["Outmaneuver","Eviscerate"],"picked":"Predator+1","floor":22},{"not_picked":["Well Laid Plans","Quick Slash"],"picked":"PiercingWail","floor":23},{"not_picked":["Choke","Caltrops"],"picked":"After Image","floor":24},{"not_picked":["Sucker Punch","Underhanded Strike"],"picked":"Bouncing Flask","floor":25},{"not_picked":["Flying Knee","Deadly Poison"],"picked":"Prepared+1","floor":28},{"not_picked":["Tactician+1","Die Die Die","Outmaneuver+1"],"picked":"SKIP","floor":31},{"not_picked":["Corpse Explosion+1","Night Terror+1"],"picked":"Adrenaline+1","floor":33},{"not_picked":["Dagger Throw","Heel Hook"],"picked":"PiercingWail+1","floor":36},{"not_picked":["Prepared+1","Accuracy"],"picked":"Blade Dance+1","floor":38},{"not_picked":["Dagger Throw","Blade Dance+1","Heel Hook"],"picked":"SKIP","floor":41},{"not_picked":["Setup+1","PiercingWail+1"],"picked":"Dodge and Roll+1","floor":42},{"not_picked":["Dagger Spray+1","Flying Knee"],"picked":"Leg Sweep+1","floor":44},{"not_picked":["Bullet Time+1","Prepared+1"],"picked":"Calculated Gamble+1","floor":45},{"not_picked":["Choke","Dagger Throw+1"],"picked":"Dodge and Roll+1","floor":46},{"not_picked":["Escape Plan+1","All Out Attack"],"picked":"Footwork","floor":48},{"not_picked":["Quick Slash+1","Dodge and Roll+1"],"picked":"Deadly Poison+1","floor":55}],"player_experience":4416975,"relics_obtained":[{"floor":7,"key":"The Courier"},{"floor":9,"key":"PreservedInsect"},{"floor":14,"key":"Snake Skull"},{"floor":23,"key":"Orichalcum"},{"floor":25,"key":"Ice Cream"},{"floor":31,"key":"Vajra"},{"floor":41,"key":"Bag of Preparation"},{"floor":46,"key":"Prayer Wheel"},{"floor":48,"key":"Gremlin Horn"},{"floor":55,"key":"Paper Crane"}],"event_choices":[{"damage_healed":0,"gold_gain":0,"player_choice":"Grow","damage_taken":0,"max_hp_gain":0,"max_hp_loss":0,"event_name":"Living Wall","floor":2,"gold_loss":0,"cards_upgraded":["Neutralize"]},{"damage_healed":0,"gold_gain":50,"player_choice":"Pray","damage_taken":0,"max_hp_gain":0,"max_hp_loss":0,"event_name":"Golden Shrine","floor":4,"gold_loss":0},{"damage_healed":0,"gold_gain":0,"player_choice":"Became a vampire","damage_taken":0,"max_hp_gain":0,"max_hp_loss":20,"event_name":"Vampires","floor":19,"gold_loss":0,"cards_obtained":["Bite","Bite","Bite","Bite","Bite"]},{"damage_healed":0,"gold_gain":180,"player_choice":"GOLD GOLD ","damage_taken":18,"max_hp_gain":0,"max_hp_loss":0,"event_name":"Knowing Skull","floor":20,"potions_obtained":[],"gold_loss":0,"cards_obtained":[]},{"damage_healed":0,"gold_gain":0,"player_choice":"Ignored","damage_taken":0,"max_hp_gain":0,"max_hp_loss":0,"event_name":"Cursed Tome","floor":30,"gold_loss":0},{"cards_removed":["Bite"],"damage_healed":0,"gold_gain":0,"player_choice":"Gave Card","damage_taken":0,"relics_obtained":["Turnip"],"max_hp_gain":0,"max_hp_loss":0,"event_name":"WeMeetAgain","floor":39,"gold_loss":0}],"is_beta":true,"boss_relics":[{"not_picked":["WristBlade","Eternal Feather"],"picked":"Runic Dome"},{"not_picked":["Empty Cage","Astrolabe"],"picked":"Coffee Dripper"}],"items_purged_floors":[],"is_endless":false,"potions_floor_spawned":[1,11,22,24,28,33,38,41,44,45],"killed_by":"The Heart","ascension_level":20}