{"gold_per_floor":[109,119,169,94,111,111,11,11,36,64,64,76,103,122,122,122],"floor_reached":16,"playtime":911,"items_purged":["Strike_B","Strike_B"],"score":220,"play_id":"d893a503-aac5-4770-9e1a-09e530559e45","local_time":"20190117115947","is_ascension_mode":true,"campfire_choices":[{"data":"Zap","floor":6,"key":"SMITH"},{"data":"Rip and Tear","floor":8,"key":"SMITH"},{"data":"Sweeping Beam","floor":15,"key":"SMITH"}],"neow_cost":"TEN_PERCENT_HP_LOSS","seed_source_timestamp":181861086714374,"circlet_count":0,"master_deck":["AscendersBane","Defend_B","Defend_B","Defend_B","Defend_B","Zap+1","Dualcast","Ball Lightning","Rip and Tear+1","Cold Snap","Self Repair","Sweeping Beam+1","Blizzard"],"relics":["Cracked Core","Bag of Preparation","Regal Pillow","Pear"],"potions_floor_usage":[13,16],"damage_taken":[{"damage":8,"enemies":"2 Louse","floor":1,"turns":3},{"damage":0,"enemies":"Cultist","floor":2,"turns":3},{"damage":2,"enemies":"Jaw Worm","floor":5,"turns":3},{"damage":7,"enemies":"Gremlin Nob","floor":10,"turns":3},{"damage":0,"enemies":"Large Slime","floor":12,"turns":5},{"damage":24,"enemies":"3 Sentries","floor":13,"turns":10},{"damage":4,"enemies":"Looter","floor":14,"turns":3},{"damage":46,"enemies":"Slime Boss","floor":16,"turns":8}],"seed_played":"285015678895751945","potions_obtained":[{"floor":5,"key":"EssenceOfSteel"},{"floor":10,"key":"FocusPotion"}],"is_trial":false,"path_per_floor":["M","M","?","$","M","R","$","R","T","E","?","M","E","M","R","B"],"character_chosen":"DEFECT","items_purchased":[],"campfire_rested":0,"item_purchase_floors":[],"current_hp_per_floor":[56,56,50,50,48,48,48,48,48,41,46,46,39,42,42,0],"gold":122,"neow_bonus":"REMOVE_TWO","is_prod":false,"is_daily":false,"chose_seed":false,"campfire_upgraded":3,"win_rate":0,"timestamp":1547755187,"path_taken":["M","M","?","?","M","R","$","R","T","E","?","M","E","M","R","BOSS"],"build_version":"2019-01-16","purchased_purges":2,"victory":false,"max_hp_per_floor":[64,64,64,64,64,64,64,64,64,64,69,69,79,79,79,79],"card_choices":[{"not_picked":["Compile Driver","Storm"],"picked":"Ball Lightning","floor":1},{"not_picked":["Stack","Hologram","Aggregate"],"picked":"SKIP","floor":2},{"not_picked":["Hello World","Turbo"],"picked":"Rip and Tear","floor":5},{"not_picked":["Leap","Static Discharge"],"picked":"Cold Snap","floor":10},{"not_picked":["Barrage","Static Discharge"],"picked":"Self Repair","floor":12},{"not_picked":["Scrape","Cold Snap"],"picked":"Sweeping Beam","floor":13},{"not_picked":["Stack","Compile Driver"],"picked":"Blizzard","floor":14}],"player_experience":4379690,"relics_obtained":[{"floor":9,"key":"Bag of Preparation"},{"floor":10,"key":"Regal Pillow"},{"floor":13,"key":"Pear"}],"event_choices":[{"damage_healed":0,"gold_gain":50,"player_choice":"Touch","damage_taken":6,"max_hp_gain":0,"max_hp_loss":0,"event_name":"FaceTrader","floor":3,"gold_loss":0},{"damage_healed":0,"gold_gain":0,"player_choice":"Donut","damage_taken":0,"max_hp_gain":5,"max_hp_loss":0,"event_name":"Big Fish","floor":11,"gold_loss":0}],"is_beta":true,"boss_relics":[],"items_purged_floors":[4,7],"is_endless":false,"potions_floor_spawned":[5,10,12],"killed_by":"Slime Boss","ascension_level":20}