{"gold_per_floor":[359,149,164,164,182,182,208,223,223,223,235,235,267,21,21,99,99,115,133,133,151,76,107,127,127,127,127,127,152,152,152,152,230,230,243,92,104,20,20,53,53,79,79,79,105,20,47,75,75,75,75,75,75,75,108,108],"floor_reached":56,"playtime":5070,"items_purged":["Bite"],"score":2199,"play_id":"dce1d9c1-c4d5-4581-933c-c381eb7b17fe","local_time":"20190113164118","is_ascension_mode":true,"campfire_choices":[{"data":"Sunder","floor":6,"key":"SMITH"},{"data":"Zap","floor":10,"key":"SMITH"},{"floor":12,"key":"REST"},{"data":"Fission","floor":15,"key":"SMITH"},{"data":"Capacitor","floor":25,"key":"SMITH"},{"floor":28,"key":"REST"},{"data":"Bite","floor":30,"key":"SMITH"},{"data":"Bite","floor":32,"key":"SMITH"},{"data":"Fission","floor":41,"key":"SMITH"},{"floor":44,"key":"RECALL"},{"data":"Loop","floor":49,"key":"SMITH"},{"data":"Capacitor","floor":53,"key":"SMITH"}],"neow_cost":"TEN_PERCENT_HP_LOSS","seed_source_timestamp":384206077643808,"circlet_count":0,"master_deck":["AscendersBane","Defend_B","Defend_B","Defend_B","Defend_B","Zap+1","Dualcast","Compile Driver+1","Sunder+1","Rainbow","Coolheaded","Glacier","Fission+1","Tempest","Hyperbeam","Double Energy+1","Capacitor+1","Chill","Stack+1","Bite+1","Bite+1","Bite","Bite","Fission+1","Defragment+1","Fusion+1","Capacitor+1","Barrage+1","Force Field+1","Loop+1","Multi-Cast","Chill+1","Leap+1"],"relics":["Cracked Core","Chemical X","CultistMask","Whetstone","Potion Belt","Sundial","PreservedInsect","Runic Pyramid","DataDisk","Happy Flower","Runic Dome","WingedGreaves","Mummified Hand","Bottled Lightning","Vajra","Strawberry","Bag of Preparation","Pen Nib"],"potions_floor_usage":[11,23,29,29,55,56,56,56,56],"damage_taken":[{"damage":2,"enemies":"Jaw Worm","floor":1,"turns":3},{"damage":0,"enemies":"Cultist","floor":3,"turns":3},{"damage":0,"enemies":"2 Louse","floor":5,"turns":2},{"damage":25,"enemies":"3 Sentries","floor":7,"turns":7},{"damage":13,"enemies":"Large Slime","floor":8,"turns":5},{"damage":0,"enemies":"Lots of Slimes","floor":11,"turns":1},{"damage":9,"enemies":"Gremlin Nob","floor":13,"turns":3},{"damage":19,"enemies":"The Guardian","floor":16,"turns":11},{"damage":14,"enemies":"Shell Parasite","floor":18,"turns":4},{"damage":4,"enemies":"3 Byrds","floor":19,"turns":4},{"damage":2,"enemies":"Sentry and Sphere","floor":21,"turns":2},{"damage":13,"enemies":"Gremlin Leader","floor":23,"turns":3},{"damage":0,"enemies":"Snake Plant","floor":24,"turns":2},{"damage":10,"enemies":"Slavers","floor":29,"turns":4},{"damage":34,"enemies":"Champ","floor":33,"turns":20},{"damage":1,"enemies":"3 Shapes","floor":35,"turns":4},{"damage":5,"enemies":"3 Darklings","floor":37,"turns":5},{"damage":16,"enemies":"Giant Head","floor":40,"turns":6},{"damage":3,"enemies":"Nemesis","floor":42,"turns":3},{"damage":0,"enemies":"Giant Head","floor":45,"turns":5},{"damage":0,"enemies":"Reptomancer","floor":47,"turns":4},{"damage":5,"enemies":"Giant Head","floor":48,"turns":5},{"damage":47,"enemies":"Awakened One","floor":50,"turns":23},{"damage":7,"enemies":"Donu and Deca","floor":51,"turns":7},{"damage":47,"enemies":"Shield and Spear","floor":55,"turns":17},{"damage":61,"enemies":"The Heart","floor":56,"turns":5}],"seed_played":"-81930074404014429","potions_obtained":[{"floor":7,"key":"AttackPotion"},{"floor":8,"key":"Ancient Potion"},{"floor":13,"key":"Weak Potion"},{"floor":16,"key":"PowerPotion"},{"floor":21,"key":"Poison Potion"},{"floor":23,"key":"Weak Potion"},{"floor":29,"key":"LiquidBronze"},{"floor":40,"key":"Energy Potion"},{"floor":55,"key":"SpeedPotion"}],"is_trial":false,"path_per_floor":["M","$","M","?","M","R","E","M","T","R","M","R","E","$","R","B",null,"M","M","?","M","?","E","M","R","T","?","R","E","R","?","R","B",null,"M","$","M","$","?","E","R","E","T","R","E","$","E","E","R","B","B",null,"R","$","E","B"],"character_chosen":"DEFECT","items_purchased":["Chemical X","PreservedInsect","Tempest","Defragment","Capacitor","Loop"],"campfire_rested":2,"item_purchase_floors":[2,14,14,36,38,46],"current_hp_per_floor":[62,62,62,62,62,62,37,24,24,24,24,43,34,34,34,15,52,38,34,34,32,32,19,19,19,19,19,32,34,34,34,34,34,42,44,44,44,44,44,40,40,44,44,44,44,44,51,51,51,51,48,50,50,50,51,0],"gold":108,"neow_bonus":"TWO_FIFTY_GOLD","is_prod":false,"is_daily":false,"chose_seed":false,"campfire_upgraded":9,"win_rate":0,"timestamp":1547426478,"path_taken":["M","$","M","?","M","R","E","M","T","R","?","R","E","$","R","BOSS","M","M","?","M","?","E","M","R","T","?","R","E","R","?","R","BOSS","M","$","M","?","?","E","R","E","T","R","E","$","E","E","R","BOSS","BOSS","R","$","E","BOSS"],"build_version":"2019-01-10","purchased_purges":1,"victory":false,"max_hp_per_floor":[64,64,64,64,64,64,64,64,64,64,64,64,64,64,64,64,64,64,64,64,64,64,64,64,64,64,44,44,44,44,44,44,44,44,44,44,44,44,44,44,44,44,44,44,44,44,51,51,51,51,51,51,51,51,51,51],"card_choices":[{"not_picked":["Go for the Eyes","Chill"],"picked":"Compile Driver","floor":1},{"not_picked":["Fusion","Blizzard"],"picked":"Sunder","floor":3},{"not_picked":["Rebound","Stack","Hello World"],"picked":"SKIP","floor":5},{"not_picked":["Loop","Streamline"],"picked":"Rainbow","floor":7},{"not_picked":["Stack","Heatsinks"],"picked":"Coolheaded","floor":8},{"not_picked":["Tempest","Cold Snap"],"picked":"Glacier","floor":11},{"not_picked":["Leap","Undo"],"picked":"Fission","floor":13},{"not_picked":["Amplify","Thunder Strike"],"picked":"Hyperbeam","floor":16},{"not_picked":["Cold Snap","Consume"],"picked":"Double Energy+1","floor":18},{"not_picked":["Barrage","Leap"],"picked":"Capacitor","floor":19},{"not_picked":["Rebound","Compile Driver+1","Gash"],"picked":"SKIP","floor":21},{"not_picked":["Coolheaded","Glacier"],"picked":"Chill","floor":23},{"not_picked":["Barrage","Gash"],"picked":"Stack+1","floor":24},{"not_picked":["Melter","Turbo","Barrage"],"picked":"SKIP","floor":29},{"not_picked":["All For One","Machine Learning"],"picked":"Fission","floor":33},{"not_picked":["Sweeping Beam","Chaos+1","Melter"],"picked":"SKIP","floor":35},{"not_picked":["Coolheaded","Turbo"],"picked":"Fusion+1","floor":37},{"not_picked":["Machine Learning","Aggregate","Rebound"],"picked":"SKIP","floor":40},{"not_picked":["Rebound","Turbo+1"],"picked":"Barrage+1","floor":42},{"not_picked":["Sweeping Beam+1","Beam Cell"],"picked":"Force Field+1","floor":45},{"not_picked":["Stack+1","Lockon"],"picked":"Multi-Cast","floor":47},{"not_picked":["Leap+1","Gash"],"picked":"Chill+1","floor":48},{"not_picked":["Stack","Coolheaded"],"picked":"Leap+1","floor":55}],"player_experience":4336901,"relics_obtained":[{"floor":7,"key":"Whetstone"},{"floor":9,"key":"Potion Belt"},{"floor":13,"key":"Sundial"},{"floor":23,"key":"DataDisk"},{"floor":29,"key":"Happy Flower"},{"floor":40,"key":"WingedGreaves"},{"floor":42,"key":"Mummified Hand"},{"floor":43,"key":"Bottled Lightning"},{"floor":45,"key":"Vajra"},{"floor":47,"key":"Strawberry"},{"floor":48,"key":"Bag of Preparation"},{"floor":55,"key":"Pen Nib"}],"event_choices":[{"damage_healed":0,"gold_gain":0,"player_choice":"Trade","damage_taken":0,"relics_obtained":["CultistMask"],"max_hp_gain":0,"max_hp_loss":0,"event_name":"FaceTrader","floor":4,"gold_loss":0},{"damage_healed":0,"gold_gain":0,"player_choice":"Smashed Altar","damage_taken":0,"max_hp_gain":0,"max_hp_loss":0,"event_name":"Forgotten Altar","floor":20,"gold_loss":0,"cards_obtained":["Decay"]},{"cards_removed":["Decay"],"damage_healed":0,"gold_gain":0,"player_choice":"Gave Gold","damage_taken":0,"max_hp_gain":0,"max_hp_loss":0,"event_name":"Beggar","floor":22,"gold_loss":75},{"damage_healed":0,"gold_gain":0,"player_choice":"Became a vampire","damage_taken":0,"max_hp_gain":0,"max_hp_loss":20,"event_name":"Vampires","floor":27,"gold_loss":0,"cards_obtained":["Bite","Bite","Bite","Bite","Bite"]},{"damage_healed":0,"gold_gain":0,"player_choice":"Ignored","damage_taken":0,"max_hp_gain":0,"max_hp_loss":0,"event_name":"N\u0027loth","floor":31,"gold_loss":0},{"damage_healed":0,"gold_gain":0,"player_choice":"Upgraded","damage_taken":0,"max_hp_gain":0,"max_hp_loss":0,"event_name":"Upgrade Shrine","floor":39,"gold_loss":0,"cards_upgraded":["Defragment"]}],"is_beta":true,"boss_relics":[{"not_picked":["Tiny House","Pandora\u0027s Box"],"picked":"Runic Pyramid"},{"not_picked":["Snecko Eye","Calling Bell"],"picked":"Runic Dome"}],"items_purged_floors":[36],"is_endless":false,"potions_floor_spawned":[7,8,13,16,21,23,29,40,42,45,55],"killed_by":"The Heart","ascension_level":20}