{"gold_per_floor":[114,131,4,14,30,30,41,41,41,73,90,102,134,134,134,207,207,225,225,225,49,82,82,108,108,108,108,120,146,196,196],"floor_reached":31,"playtime":2025,"items_purged":["Blood for Blood"],"score":666,"play_id":"d3bf48ec-e061-415d-b1dc-604af5686ad4","local_time":"20190115133352","is_ascension_mode":true,"campfire_choices":[{"data":"Bash","floor":6,"key":"SMITH"},{"data":"Inflame","floor":8,"key":"SMITH"},{"data":"Whirlwind","floor":15,"key":"SMITH"},{"data":"Corruption","floor":23,"key":"SMITH"},{"data":"Demon Form","floor":25,"key":"SMITH"},{"data":"Dark Embrace","floor":27,"key":"SMITH"}],"neow_cost":"NONE","seed_source_timestamp":13592068545169,"circlet_count":0,"master_deck":["AscendersBane","Bash+1","Clothesline","Infernal Blade","Inflame+1","Battle Trance","Headbutt","Shrug It Off","Disarm","Whirlwind+1","Burning Pact","Corruption+1","Exhume","Flex","Infernal Blade","Dark Embrace+1","Flex","Disarm","Uppercut","Carnage","Shrug It Off","Dark Shackles","Feel No Pain","Demon Form+1","Battle Trance"],"relics":["Burning Blood","FossilizedHelix","Champion Belt","Kunai","Pandora\u0027s Box","Red Mask","Torii","Turnip","Regal Pillow"],"potions_floor_usage":[29],"damage_taken":[{"damage":7,"enemies":"Cultist","floor":1,"turns":4},{"damage":9,"enemies":"Jaw Worm","floor":2,"turns":4},{"damage":11,"enemies":"Small Slimes","floor":4,"turns":2},{"damage":15,"enemies":"3 Louse","floor":5,"turns":3},{"damage":7,"enemies":"Large Slime","floor":7,"turns":5},{"damage":0,"enemies":"Gremlin Nob","floor":10,"turns":3},{"damage":6,"enemies":"Exordium Wildlife","floor":11,"turns":3},{"damage":0,"enemies":"Lots of Slimes","floor":12,"turns":1},{"damage":8,"enemies":"Lagavulin","floor":13,"turns":5},{"damage":29,"enemies":"The Guardian","floor":16,"turns":12},{"damage":3,"enemies":"Chosen","floor":18,"turns":4},{"damage":17,"enemies":"Masked Bandits","floor":22,"turns":6},{"damage":0,"enemies":"Gremlin Leader","floor":24,"turns":7},{"damage":0,"enemies":"Spheric Guardian","floor":28,"turns":3},{"damage":59,"enemies":"Slavers","floor":29,"turns":6},{"damage":24,"enemies":"3 Cultists","floor":31,"turns":4}],"seed_played":"-873632914845503091","potions_obtained":[{"floor":2,"key":"Weak Potion"},{"floor":10,"key":"LiquidBronze"},{"floor":11,"key":"LiquidBronze"}],"is_trial":false,"path_per_floor":["M","M","$","M","M","R","M","R","T","E","M","M","E","?","R","B",null,"M","?","?","$","?","R","E","R","T","R","M","E","?","M"],"character_chosen":"IRONCLAD","items_purchased":["Inflame","Battle Trance","Dark Shackles"],"campfire_rested":0,"item_purchase_floors":[3,3,21],"current_hp_per_floor":[74,71,71,66,57,57,56,56,56,62,62,68,66,66,66,43,72,75,75,75,75,64,64,70,70,70,70,76,23,23,0],"gold":196,"neow_bonus":"TEN_PERCENT_HP_BONUS","is_prod":false,"is_daily":false,"chose_seed":false,"campfire_upgraded":6,"win_rate":0,"timestamp":1547588032,"path_taken":["M","M","$","?","M","R","M","R","T","E","M","M","E","?","R","BOSS","M","?","?","$","?","R","E","R","T","R","M","E","?","?"],"build_version":"2019-01-14v2","purchased_purges":1,"victory":false,"max_hp_per_floor":[82,82,82,82,82,82,82,82,82,82,82,82,82,82,82,82,82,82,82,82,82,82,82,82,82,82,82,82,82,82,82],"card_choices":[{"not_picked":["Flame Barrier","Sword Boomerang"],"picked":"Clothesline","floor":1},{"not_picked":["Clash","True Grit"],"picked":"Infernal Blade","floor":2},{"not_picked":["Wild Strike","Twin Strike"],"picked":"Headbutt","floor":4},{"not_picked":["Infernal Blade","Clothesline"],"picked":"Shrug It Off","floor":5},{"not_picked":["Clothesline","Uppercut"],"picked":"Disarm","floor":7},{"not_picked":["Reckless Charge","Sentinel"],"picked":"Whirlwind","floor":10},{"not_picked":["Whirlwind","Cleave"],"picked":"Burning Pact","floor":11},{"not_picked":["Demon Form","Flex"],"picked":"Corruption","floor":12},{"not_picked":["Dropkick","Infernal Blade","Clothesline"],"picked":"SKIP","floor":13},{"not_picked":["Fiend Fire","Limit Break"],"picked":"Exhume","floor":16},{"not_picked":["Iron Wave","Clothesline"],"picked":"Shrug It Off","floor":18},{"not_picked":["Headbutt","Perfected Strike"],"picked":"Feel No Pain","floor":22},{"not_picked":["Bloodletting","Rupture"],"picked":"Demon Form","floor":24},{"not_picked":["Shockwave","Flex"],"picked":"Battle Trance","floor":28},{"not_picked":["Warcry","Pommel Strike","Rage"],"picked":"SKIP","floor":29}],"player_experience":4350638,"relics_obtained":[{"floor":9,"key":"FossilizedHelix"},{"floor":10,"key":"Champion Belt"},{"floor":13,"key":"Kunai"},{"floor":22,"key":"Red Mask"},{"floor":24,"key":"Torii"},{"floor":26,"key":"Turnip"},{"floor":29,"key":"Regal Pillow"}],"event_choices":[{"damage_healed":0,"gold_gain":0,"player_choice":"Got Potions","damage_taken":0,"max_hp_gain":0,"max_hp_loss":0,"event_name":"Lab","floor":14,"gold_loss":0},{"cards_removed":["Fire Breathing"],"damage_healed":0,"gold_gain":0,"player_choice":"Elegance","damage_taken":0,"max_hp_gain":0,"max_hp_loss":0,"event_name":"Back to Basics","floor":19,"gold_loss":0},{"damage_healed":0,"gold_gain":0,"player_choice":"Ignored","damage_taken":0,"max_hp_gain":0,"max_hp_loss":0,"event_name":"Vampires","floor":20,"gold_loss":0},{"damage_healed":0,"gold_gain":0,"player_choice":"Fought Bandits","damage_taken":0,"max_hp_gain":0,"max_hp_loss":0,"event_name":"Masked Bandits","floor":22,"gold_loss":0},{"damage_healed":0,"gold_gain":50,"player_choice":"Stole From Cult","damage_taken":0,"max_hp_gain":0,"max_hp_loss":0,"event_name":"Nest","floor":30,"gold_loss":0}],"is_beta":true,"boss_relics":[{"not_picked":["Tiny House","Runic Dome"],"picked":"Pandora\u0027s Box"}],"items_purged_floors":[21],"is_endless":false,"potions_floor_spawned":[2,10,11,22,24],"killed_by":"3 Cultists","ascension_level":20}