{"gold_per_floor":[118,138,138,153,153,153,228,259,282,282,314,335,335,366,366,444,444,454,37,37,32,32,59,59,86,150,162,184,207,219,260,272,358,370,402,374,73,85,97,97,123,23,23,23,47,75,75,85,85,85,85,85,85,31,58,58],"floor_reached":57,"playtime":4065,"items_purged":["Phantasmal Killer","Dagger Spray"],"score":3014,"play_id":"0b49d262-2823-4f81-a81e-7e3bf4fe8acd","local_time":"20190113151351","is_ascension_mode":true,"campfire_choices":[{"data":"Noxious Fumes","floor":6,"key":"SMITH"},{"floor":10,"key":"REST"},{"data":"Malaise","floor":13,"key":"SMITH"},{"data":"Malaise","floor":15,"key":"SMITH"},{"data":"Catalyst","floor":24,"key":"SMITH"},{"data":"Catalyst","floor":27,"key":"SMITH"},{"data":"After Image","floor":32,"key":"SMITH"},{"data":"Catalyst","floor":40,"key":"SMITH"},{"data":"Burst","floor":44,"key":"SMITH"},{"floor":49,"key":"RECALL"},{"data":"Night Terror","floor":53,"key":"SMITH"}],"neow_cost":"NONE","seed_source_timestamp":379913581671309,"circlet_count":0,"master_deck":["AscendersBane","Survivor","Neutralize","Noxious Fumes+1","Leg Sweep","Footwork","Bane","Escape Plan","Malaise+1","Malaise+1","Glass Knife","Catalyst+1","Terror","Blur","After Image+1","Burst+1","PiercingWail","Deadly Poison","Ghostly","Ghostly","Ghostly","Catalyst+1","Escape Plan","PiercingWail","PiercingWail","Deadly Poison","Night Terror+1","Escape Plan+1","After Image","Noxious Fumes+1","Catalyst+1","Backflip+1","Flash of Steel","Flash of Steel","Acrobatics","Escape Plan"],"relics":["Ring of the Snake","Lantern","Pen Nib","Omamori","Incense Burner","Odd Mushroom","Boot","Pandora\u0027s Box","OrangePellets","Gremlin Horn","MawBank","Blood Vial","Tingsha","Cursed Key","TwistedFunnel","Meat on the Bone","Orichalcum","Pantograph","Bag of Preparation"],"potions_floor_usage":[11,12,19,21,56],"damage_taken":[{"damage":0,"enemies":"2 Louse","floor":1,"turns":4},{"damage":1,"enemies":"Small Slimes","floor":2,"turns":4},{"damage":2,"enemies":"Cultist","floor":4,"turns":5},{"damage":6,"enemies":"Lagavulin","floor":8,"turns":9},{"damage":6,"enemies":"Gremlin Nob","floor":11,"turns":3},{"damage":1,"enemies":"The Mushroom Lair","floor":12,"turns":4},{"damage":16,"enemies":"3 Sentries","floor":14,"turns":7},{"damage":8,"enemies":"The Guardian","floor":16,"turns":12},{"damage":3,"enemies":"Spheric Guardian","floor":18,"turns":7},{"damage":12,"enemies":"2 Thieves","floor":21,"turns":5},{"damage":5,"enemies":"Slavers","floor":23,"turns":8},{"damage":2,"enemies":"Book of Stabbing","floor":25,"turns":7},{"damage":1,"enemies":"3 Cultists","floor":28,"turns":5},{"damage":0,"enemies":"Centurion and Healer","floor":29,"turns":7},{"damage":23,"enemies":"Slavers","floor":31,"turns":8},{"damage":0,"enemies":"Collector","floor":33,"turns":5},{"damage":0,"enemies":"3 Shapes","floor":35,"turns":6},{"damage":0,"enemies":"Orb Walker","floor":38,"turns":4},{"damage":0,"enemies":"3 Darklings","floor":39,"turns":7},{"damage":19,"enemies":"Nemesis","floor":41,"turns":5},{"damage":0,"enemies":"Reptomancer","floor":46,"turns":2},{"damage":0,"enemies":"Transient","floor":48,"turns":5},{"damage":16,"enemies":"Awakened One","floor":50,"turns":13},{"damage":0,"enemies":"Donu and Deca","floor":51,"turns":11},{"damage":20,"enemies":"Shield and Spear","floor":55,"turns":8},{"damage":7,"enemies":"The Heart","floor":56,"turns":4}],"seed_played":"-4273839956860383946","potions_obtained":[{"floor":1,"key":"SteroidPotion"},{"floor":2,"key":"Swift Potion"},{"floor":16,"key":"Fruit Juice"},{"floor":18,"key":"Weak Potion"},{"floor":21,"key":"SkillPotion"},{"floor":25,"key":"FairyPotion"},{"floor":33,"key":"Regen Potion"},{"floor":36,"key":"GhostInAJar"},{"floor":36,"key":"Block Potion"},{"floor":48,"key":"AttackPotion"}],"is_trial":false,"path_per_floor":["M","M","?","M","?","R","?","E","T","R","E","?","R","E","R","B",null,"M","$","?","M","?","E","R","E","T","R","M","M","?","E","R","B",null,"M","?","$","M","M","R","E","$","T","R","T","E","?","M","R","B","B",null,"R","$","E","B",null],"character_chosen":"THE_SILENT","items_purchased":["OrangePellets","AttackPotion","Deadly Poison","TwistedFunnel","Catalyst","SpeedPotion"],"campfire_rested":1,"item_purchase_floors":[19,19,19,37,37,54],"current_hp_per_floor":[59,58,47,45,50,50,39,33,33,54,48,47,47,31,31,23,59,56,61,38,26,26,21,21,19,19,19,20,22,22,1,1,3,29,31,31,31,33,35,35,18,18,18,18,18,20,10,24,24,22,38,38,38,38,30,31],"gold":58,"neow_bonus":"RANDOM_COMMON_RELIC","is_prod":false,"is_daily":false,"chose_seed":false,"campfire_upgraded":9,"win_rate":0,"timestamp":1547421231,"path_taken":["M","M","?","M","?","R","?","E","T","R","E","?","R","E","R","BOSS","M","$","?","M","?","E","R","E","T","R","M","?","?","E","R","BOSS","M","?","?","?","M","R","E","$","T","R","?","E","?","M","R","BOSS","BOSS","R","$","E","BOSS"],"build_version":"2019-01-10","purchased_purges":2,"victory":true,"max_hp_per_floor":[66,66,66,66,71,71,71,71,71,71,71,71,71,71,71,71,71,71,76,38,38,38,38,38,38,38,38,38,38,38,38,38,38,38,38,38,38,38,38,38,38,38,38,38,38,38,38,38,38,38,38,38,38,38,38,38],"card_choices":[{"not_picked":["Riddle With Holes","Blade Dance"],"picked":"Noxious Fumes","floor":1},{"not_picked":["Bouncing Flask","Backflip"],"picked":"Leg Sweep","floor":2},{"not_picked":["Deadly Poison","Dodge and Roll"],"picked":"Footwork","floor":4},{"not_picked":["Deflect","Eviscerate"],"picked":"Bane","floor":8},{"not_picked":["Eviscerate","Dagger Spray"],"picked":"Escape Plan","floor":11},{"not_picked":["Flying Knee","Dodge and Roll"],"picked":"Malaise","floor":12},{"not_picked":["Poisoned Stab","Bane"],"picked":"Malaise","floor":14},{"not_picked":["Doppelganger","Venomology"],"picked":"Glass Knife","floor":16},{"not_picked":["Dagger Spray","Backflip"],"picked":"PiercingWail","floor":18},{"not_picked":["Dodge and Roll","Footwork"],"picked":"Catalyst","floor":21},{"not_picked":["Dodge and Roll","Slice"],"picked":"PiercingWail","floor":23},{"not_picked":["Terror","Die Die Die","Flying Knee"],"picked":"SKIP","floor":25},{"not_picked":["Dagger Throw","Flying Knee"],"picked":"PiercingWail","floor":28},{"not_picked":["Reflex","Quick Slash","Distraction"],"picked":"SKIP","floor":29},{"not_picked":["Underhanded Strike+1","Backflip"],"picked":"Escape Plan+1","floor":31},{"not_picked":["Malaise","Unload"],"picked":"After Image","floor":33},{"not_picked":["Acrobatics","Cloak And Dagger"],"picked":"Noxious Fumes+1","floor":35},{"not_picked":["Concentrate+1","Quick Slash","Deflect+1"],"picked":"SKIP","floor":38},{"not_picked":["Blade Dance","Flying Knee+1","Cloak And Dagger"],"picked":"SKIP","floor":39},{"not_picked":["Bouncing Flask","After Image"],"picked":"Backflip+1","floor":41},{"not_picked":["Leg Sweep","Caltrops","Envenom"],"picked":"SKIP","floor":46},{"not_picked":["Forethought","Transmutation"],"picked":"Flash of Steel","floor":47},{"not_picked":["PanicButton","Purity"],"picked":"Flash of Steel","floor":47},{"not_picked":["Dodge and Roll+1","Sucker Punch"],"picked":"Acrobatics","floor":48},{"not_picked":["Deflect","Predator"],"picked":"Escape Plan","floor":55}],"player_experience":4332836,"relics_obtained":[{"floor":9,"key":"Omamori"},{"floor":11,"key":"Incense Burner"},{"floor":12,"key":"Odd Mushroom"},{"floor":14,"key":"Boot"},{"floor":23,"key":"Gremlin Horn"},{"floor":25,"key":"MawBank"},{"floor":26,"key":"Blood Vial"},{"floor":31,"key":"Tingsha"},{"floor":41,"key":"Meat on the Bone"},{"floor":45,"key":"Orichalcum"},{"floor":46,"key":"Pantograph"},{"floor":55,"key":"Bag of Preparation"}],"event_choices":[{"damage_healed":0,"gold_gain":0,"player_choice":"Success","damage_taken":11,"relics_obtained":["Pen Nib"],"max_hp_gain":0,"max_hp_loss":0,"event_name":"Scrap Ooze","floor":3,"gold_loss":0},{"damage_healed":0,"gold_gain":0,"player_choice":"Donut","damage_taken":0,"max_hp_gain":5,"max_hp_loss":0,"event_name":"Big Fish","floor":5,"gold_loss":0},{"damage_healed":0,"gold_gain":75,"player_choice":"Gather Gold","damage_taken":11,"max_hp_gain":0,"max_hp_loss":0,"event_name":"World of Goop","floor":7,"gold_loss":0},{"damage_healed":0,"gold_gain":0,"player_choice":"Fought Mushrooms","damage_taken":0,"max_hp_gain":0,"max_hp_loss":0,"event_name":"Mushrooms","floor":12,"gold_loss":0},{"damage_healed":0,"gold_gain":0,"player_choice":"Became a Ghost","damage_taken":0,"max_hp_gain":0,"max_hp_loss":38,"event_name":"Ghosts","floor":20,"gold_loss":0,"cards_obtained":["Ghostly","Ghostly","Ghostly"]},{"damage_healed":0,"gold_gain":0,"cards_transformed":["Accuracy"],"player_choice":"Transformed","damage_taken":0,"max_hp_gain":0,"max_hp_loss":0,"event_name":"Transmorgrifier","floor":22,"gold_loss":0,"cards_obtained":["Escape Plan"]},{"damage_healed":0,"gold_gain":0,"cards_transformed":["Choke","Blade Dance"],"player_choice":"Became Test Subject","damage_taken":0,"max_hp_gain":0,"max_hp_loss":0,"event_name":"Drug Dealer","floor":30,"gold_loss":0,"cards_obtained":["Deadly Poison","Night Terror"]},{"damage_healed":0,"gold_gain":0,"player_choice":"Bought 3 Potions","damage_taken":0,"max_hp_gain":0,"max_hp_loss":0,"event_name":"The Woman in Blue","floor":36,"gold_loss":0},{"damage_healed":0,"gold_gain":0,"player_choice":"Memory 3","damage_taken":10,"max_hp_gain":0,"max_hp_loss":0,"event_name":"SensoryStone","floor":47,"gold_loss":0}],"is_beta":true,"boss_relics":[{"not_picked":["White Beast Statue","Orrery"],"picked":"Pandora\u0027s Box"},{"not_picked":["Snecko Eye","Black Star"],"picked":"Cursed Key"}],"items_purged_floors":[19,42],"is_endless":false,"potions_floor_spawned":[1,2,8,16,18,21,25,29,33,41,46,48,55],"ascension_level":20}