{"gold_per_floor":[214,231,231,17,27,27,40,68,68,80,80,109,184,184,184,260,260,280,280,19,32,32,32,32,47,72,87,115,115,115,141,141,215,215,232,232,245,262,35,62,62,62,62,75,92,117,132,132],"floor_reached":48,"playtime":3371,"items_purged":["Strike_B","Strike_B"],"score":1105,"play_id":"8ea8656e-c16f-4500-b6d2-6d97c8c14917","local_time":"20190117153434","is_ascension_mode":true,"campfire_choices":[{"data":"Blizzard","floor":6,"key":"SMITH"},{"floor":11,"key":"REST"},{"floor":15,"key":"REST"},{"floor":23,"key":"REST"},{"floor":30,"key":"REST"},{"floor":32,"key":"REST"},{"floor":41,"key":"REST"}],"neow_cost":"NONE","seed_source_timestamp":192290822930333,"circlet_count":0,"master_deck":["AscendersBane","Strike_B+1","Strike_B","Defend_B","Defend_B","Defend_B","Zap","Dualcast","Cold Snap","Glacier","Blizzard+1","Coolheaded","Hologram","Echo Form","Blizzard","Consume","Cold Snap+1","Cold Snap+1","Loop","Coolheaded","Core Surge","Reprogram+1","Seek","Coolheaded+1","Blizzard","Glacier+1","BootSequence+1","Defragment","Recycle"],"relics":["Cracked Core","Pear","Calipers","Mango","Dream Catcher","Fusion Hammer","CultistMask","PreservedInsect","Happy Flower","Vajra","Boot","Inserter","Lee\u0027s Waffle","Cables","Ancient Tea Set","Bottled Tornado","Whetstone"],"potions_floor_usage":[12,12,21,28,28,31,40],"damage_taken":[{"damage":9,"enemies":"2 Louse","floor":1,"turns":2},{"damage":0,"enemies":"Jaw Worm","floor":2,"turns":4},{"damage":0,"enemies":"Cultist","floor":5,"turns":5},{"damage":0,"enemies":"Exordium Wildlife","floor":7,"turns":7},{"damage":4,"enemies":"Lagavulin","floor":8,"turns":10},{"damage":23,"enemies":"3 Louse","floor":10,"turns":4},{"damage":36,"enemies":"Gremlin Nob","floor":12,"turns":4},{"damage":20,"enemies":"The Guardian","floor":16,"turns":10},{"damage":19,"enemies":"3 Byrds","floor":18,"turns":6},{"damage":8,"enemies":"Chosen","floor":21,"turns":5},{"damage":4,"enemies":"Sentry and Sphere","floor":25,"turns":7},{"damage":7,"enemies":"Centurion and Healer","floor":27,"turns":6},{"damage":15,"enemies":"Slavers","floor":28,"turns":4},{"damage":12,"enemies":"Book of Stabbing","floor":31,"turns":5},{"damage":19,"enemies":"Collector","floor":33,"turns":12},{"damage":9,"enemies":"Orb Walker","floor":35,"turns":5},{"damage":44,"enemies":"3 Darklings","floor":37,"turns":4},{"damage":13,"enemies":"Maw","floor":38,"turns":9},{"damage":36,"enemies":"Reptomancer","floor":40,"turns":9},{"damage":23,"enemies":"Writhing Mass","floor":44,"turns":11},{"damage":0,"enemies":"Sphere and 2 Shapes","floor":45,"turns":7},{"damage":18,"enemies":"Nemesis","floor":46,"turns":9},{"damage":29,"enemies":"3 Darklings","floor":47,"turns":6},{"damage":26,"enemies":"Jaw Worm Horde","floor":48,"turns":1}],"seed_played":"1035625431476382241","potions_obtained":[{"floor":1,"key":"Block Potion"},{"floor":8,"key":"Poison Potion"},{"floor":18,"key":"Ancient Potion"},{"floor":25,"key":"Poison Potion"},{"floor":28,"key":"SkillPotion"},{"floor":37,"key":"EssenceOfSteel"},{"floor":45,"key":"SteroidPotion"},{"floor":46,"key":"PowerPotion"}],"is_trial":false,"path_per_floor":["M","M","?","$","M","R","M","E","T","M","R","E","?","?","R","B",null,"M","?","$","M","T","R","?","M","T","M","E","?","R","E","R","B",null,"M","?","M","M","$","E","R","T","T","M","M","E","M","M"],"character_chosen":"DEFECT","items_purchased":["Blizzard","Fire Potion","PreservedInsect","Lee\u0027s Waffle"],"campfire_rested":6,"item_purchase_floors":[4,4,20,39],"current_hp_per_floor":[55,55,48,48,48,48,48,54,54,31,55,33,22,4,32,12,74,55,55,55,47,47,75,48,44,44,37,22,22,50,38,66,47,83,74,74,30,17,102,66,96,96,96,73,73,55,26,0],"gold":132,"neow_bonus":"HUNDRED_GOLD","is_prod":false,"is_daily":false,"chose_seed":false,"campfire_upgraded":1,"win_rate":0,"timestamp":1547768074,"path_taken":["M","M","?","$","M","R","M","E","T","M","R","E","?","?","R","BOSS","M","?","?","M","?","R","?","M","T","?","E","?","R","E","R","BOSS","M","?","M","?","$","E","R","?","T","M","M","E","M","M"],"build_version":"2019-01-16","purchased_purges":2,"victory":false,"max_hp_per_floor":[71,71,71,71,71,71,71,81,81,81,81,95,95,95,95,95,95,95,95,95,95,95,95,95,95,95,95,95,95,95,95,95,95,95,95,95,95,95,102,102,102,102,102,102,102,102,102,102],"card_choices":[{"not_picked":["White Noise","Tempest"],"picked":"Cold Snap","floor":1},{"not_picked":["Steam Power","Streamline"],"picked":"Glacier","floor":2},{"not_picked":["Redo","Force Field"],"picked":"Coolheaded","floor":5},{"not_picked":["Redo","Stack"],"picked":"Hologram","floor":7},{"not_picked":["Consume","Defragment"],"picked":"Echo Form","floor":8},{"not_picked":["Auto Shields","Steam"],"picked":"Blizzard","floor":10},{"not_picked":["Multi-Cast","Conserve Battery"],"picked":"Consume","floor":12},{"not_picked":["Darkness","Sweeping Beam"],"picked":"Cold Snap","floor":15},{"not_picked":["Compile Driver","Doom and Gloom","Streamline"],"picked":"SKIP","floor":18},{"not_picked":["Redo","Fusion+1","Streamline"],"picked":"SKIP","floor":21},{"not_picked":["Self Repair","Rebound+1"],"picked":"Cold Snap+1","floor":23},{"not_picked":["BootSequence","Ball Lightning"],"picked":"Loop","floor":25},{"not_picked":["Static Discharge","Leap+1"],"picked":"Coolheaded","floor":27},{"not_picked":["Turbo","Barrage"],"picked":"Core Surge","floor":28},{"not_picked":["Ball Lightning","Steam"],"picked":"Reprogram+1","floor":30},{"not_picked":["Redo","Double Energy","Stack"],"picked":"SKIP","floor":31},{"not_picked":["Meteor Strike","Buffer"],"picked":"Seek","floor":33},{"not_picked":["White Noise+1","Scrape"],"picked":"Coolheaded+1","floor":35},{"not_picked":["Steam","Go for the Eyes+1","Hologram"],"picked":"SKIP","floor":37},{"not_picked":["Conserve Battery","Coolheaded"],"picked":"Blizzard","floor":38},{"not_picked":["Turbo","Go for the Eyes"],"picked":"Glacier+1","floor":40},{"not_picked":["Barrage","Cold Snap"],"picked":"BootSequence+1","floor":44},{"not_picked":["Force Field","Streamline","Gash+1"],"picked":"SKIP","floor":45},{"not_picked":["Storm+1","Scrape"],"picked":"Defragment","floor":46},{"not_picked":["Gash","Sweeping Beam"],"picked":"Recycle","floor":47}],"player_experience":4389728,"relics_obtained":[{"floor":8,"key":"Pear"},{"floor":9,"key":"Calipers"},{"floor":12,"key":"Mango"},{"floor":22,"key":"Happy Flower"},{"floor":28,"key":"Vajra"},{"floor":31,"key":"Boot"},{"floor":40,"key":"Cables"},{"floor":42,"key":"Ancient Tea Set"},{"floor":43,"key":"Bottled Tornado"},{"floor":46,"key":"Whetstone"}],"event_choices":[{"cards_removed":["Defend_B"],"damage_healed":0,"gold_gain":0,"player_choice":"Card Removal","damage_taken":7,"max_hp_gain":0,"max_hp_loss":0,"event_name":"Golden Wing","floor":3,"gold_loss":0},{"damage_healed":0,"gold_gain":75,"player_choice":"Gather Gold","damage_taken":11,"max_hp_gain":0,"max_hp_loss":0,"event_name":"World of Goop","floor":13,"gold_loss":0},{"damage_healed":0,"gold_gain":0,"player_choice":"Success","damage_taken":18,"relics_obtained":["Dream Catcher"],"max_hp_gain":0,"max_hp_loss":0,"event_name":"Scrap Ooze","floor":14,"gold_loss":0},{"damage_healed":0,"gold_gain":0,"player_choice":"Trade","damage_taken":0,"relics_obtained":["CultistMask"],"max_hp_gain":0,"max_hp_loss":0,"event_name":"FaceTrader","floor":19,"gold_loss":0},{"damage_healed":0,"gold_gain":0,"player_choice":"POTION POTION ","damage_taken":27,"max_hp_gain":0,"max_hp_loss":0,"event_name":"Knowing Skull","floor":24,"potions_obtained":["FocusPotion","SmokeBomb"],"gold_loss":0,"cards_obtained":[]},{"damage_healed":0,"gold_gain":0,"player_choice":"Ignored","damage_taken":0,"max_hp_gain":0,"max_hp_loss":0,"event_name":"N\u0027loth","floor":29,"gold_loss":0},{"damage_healed":0,"gold_gain":0,"player_choice":"Ignored","damage_taken":0,"max_hp_gain":0,"max_hp_loss":0,"event_name":"SecretPortal","floor":36,"gold_loss":0}],"is_beta":true,"boss_relics":[{"not_picked":["Coffee Dripper","Sozu"],"picked":"Fusion Hammer"},{"not_picked":["Tiny House","Velvet Choker"],"picked":"Inserter"}],"items_purged_floors":[4,20],"is_endless":false,"potions_floor_spawned":[1,5,8,18,25,27,28,37,45,46],"killed_by":"Jaw Worm Horde","ascension_level":20}