{"gold_per_floor":[360,146,158,158,174,174,200,200,200,200,125,150,150,164,164,242,242,262,262,282,293,27,56,56,72,72,103,103,117,152,152,152,230,230,240,240,255,255,268,268,368,403,403,432,451,482,502,533,533,533,533,533,533,36,66,66],"floor_reached":57,"playtime":4839,"items_purged":["Clumsy","Strike_R"],"score":3126,"play_id":"584f5129-8fd6-487a-b978-4fbb2128c6ae","local_time":"20190117132512","is_ascension_mode":true,"campfire_choices":[{"data":"Bash","floor":6,"key":"SMITH"},{"data":"True Grit","floor":8,"key":"SMITH"},{"data":"Anger","floor":10,"key":"SMITH"},{"data":"Intimidate","floor":13,"key":"SMITH"},{"data":"Inflame","floor":15,"key":"SMITH"},{"data":"Demon Form","floor":24,"key":"SMITH"},{"data":"Heavy Blade","floor":28,"key":"SMITH"},{"data":"Spot Weakness","floor":32,"key":"SMITH"},{"data":"Flame Barrier","floor":40,"key":"SMITH"},{"floor":49,"key":"RECALL"},{"data":"Disarm","floor":53,"key":"SMITH"}],"neow_cost":"CURSE","seed_source_timestamp":183001753259056,"circlet_count":0,"master_deck":["AscendersBane","Defend_R","Defend_R","Defend_R","Defend_R","Bash+1","Spot Weakness+1","Shrug It Off","Clothesline","True Grit+1","Intimidate+1","Inflame+1","Reaper","Heavy Blade+1","Cleave","Reaper","Corruption","Demon Form+1","Flame Barrier+1","Shrug It Off","Offering","Dark Embrace","Reaper","Shrug It Off","Heavy Blade+1","Disarm+1","Offering","Thunderclap+1","Reaper","Impervious","Metallicize","Fiend Fire","Dual Wield"],"relics":["Burning Blood","Self Forming Clay","Nunchaku","Pantograph","Snecko Eye","Juzu Bracelet","Oddly Smooth Stone","Bottled Lightning","Paper Frog","Sozu","Incense Burner","Vajra","Mummified Hand","Red Skull","Dream Catcher"],"potions_floor_usage":[7,16,56],"damage_taken":[{"damage":6,"enemies":"2 Louse","floor":1,"turns":3},{"damage":10,"enemies":"Small Slimes","floor":3,"turns":3},{"damage":0,"enemies":"Cultist","floor":5,"turns":2},{"damage":21,"enemies":"Lagavulin","floor":7,"turns":6},{"damage":29,"enemies":"Gremlin Nob","floor":12,"turns":5},{"damage":1,"enemies":"2 Fungi Beasts","floor":14,"turns":3},{"damage":17,"enemies":"The Guardian","floor":16,"turns":11},{"damage":16,"enemies":"Chosen","floor":18,"turns":7},{"damage":1,"enemies":"3 Byrds","floor":20,"turns":5},{"damage":9,"enemies":"Snecko","floor":21,"turns":4},{"damage":28,"enemies":"Gremlin Leader","floor":23,"turns":5},{"damage":12,"enemies":"Snake Plant","floor":25,"turns":4},{"damage":49,"enemies":"Slavers","floor":27,"turns":5},{"damage":14,"enemies":"Sentry and Sphere","floor":29,"turns":5},{"damage":6,"enemies":"Gremlin Leader","floor":30,"turns":3},{"damage":22,"enemies":"Champ","floor":33,"turns":7},{"damage":8,"enemies":"3 Darklings","floor":35,"turns":3},{"damage":24,"enemies":"Orb Walker","floor":37,"turns":4},{"damage":14,"enemies":"Transient","floor":39,"turns":5},{"damage":6,"enemies":"Mind Bloom Boss Battle","floor":41,"turns":3},{"damage":6,"enemies":"Nemesis","floor":42,"turns":3},{"damage":6,"enemies":"Giant Head","floor":44,"turns":5},{"damage":7,"enemies":"Maw","floor":45,"turns":4},{"damage":12,"enemies":"Nemesis","floor":46,"turns":3},{"damage":6,"enemies":"Writhing Mass","floor":47,"turns":2},{"damage":7,"enemies":"Giant Head","floor":48,"turns":3},{"damage":55,"enemies":"Awakened One","floor":50,"turns":7},{"damage":26,"enemies":"Time Eater","floor":51,"turns":5},{"damage":49,"enemies":"Shield and Spear","floor":55,"turns":8},{"damage":110,"enemies":"The Heart","floor":56,"turns":6}],"seed_played":"-236382937361074078","potions_obtained":[{"floor":3,"key":"Dexterity Potion"},{"floor":12,"key":"SpeedPotion"},{"floor":16,"key":"Poison Potion"},{"floor":21,"key":"SteroidPotion"},{"floor":30,"key":"Weak Potion"}],"is_trial":false,"path_per_floor":["M","$","M","?","M","R","E","R","T","R","?","E","R","M","R","B",null,"M","?","M","M","$","E","R","M","T","E","R","M","E","?","R","B",null,"M","?","M","?","M","R","?","E","T","E","M","E","M","E","R","B","B",null,"R","$","E","B",null],"character_chosen":"IRONCLAD","items_purchased":["Spot Weakness","Poison Potion","Demon Form","Reaper","Impervious","Metallicize","Fiend Fire"],"campfire_rested":0,"item_purchase_floors":[2,2,22,54,54,54,54],"current_hp_per_floor":[68,68,64,64,70,70,55,55,55,55,55,32,32,37,37,51,69,65,65,70,75,75,75,75,75,75,75,75,67,75,75,75,75,75,75,75,69,69,75,75,75,75,75,75,75,75,75,75,75,75,75,75,75,75,75,18],"gold":66,"neow_bonus":"TWO_FIFTY_GOLD","is_prod":false,"is_daily":false,"chose_seed":false,"campfire_upgraded":10,"win_rate":0,"timestamp":1547760312,"path_taken":["M","$","M","?","M","R","E","R","T","R","?","E","R","M","R","BOSS","M","?","M","M","$","E","R","M","T","E","R","M","E","?","R","BOSS","M","?","M","?","M","R","?","E","T","E","M","E","M","E","R","BOSS","BOSS","R","$","E","BOSS"],"build_version":"2019-01-16","purchased_purges":2,"victory":true,"max_hp_per_floor":[75,75,75,75,75,75,75,75,75,75,75,75,75,75,75,75,75,75,75,75,75,75,75,75,75,75,75,75,75,75,75,75,75,75,75,75,75,75,75,75,75,75,75,75,75,75,75,75,75,75,75,75,75,75,75,75],"card_choices":[{"not_picked":["Hemokinesis","Thunderclap"],"picked":"Anger","floor":1},{"not_picked":["Clothesline","Dropkick"],"picked":"Shrug It Off","floor":3},{"not_picked":["Sever Soul","Bloodletting"],"picked":"Clothesline","floor":5},{"not_picked":["Clash","Flex"],"picked":"True Grit","floor":7},{"not_picked":["Cleave","Seeing Red"],"picked":"Intimidate","floor":12},{"not_picked":["Wild Strike","Flex"],"picked":"Inflame","floor":14},{"not_picked":["Barricade","Impervious"],"picked":"Reaper","floor":16},{"not_picked":["Pommel Strike","Shrug It Off"],"picked":"Heavy Blade","floor":18},{"not_picked":["Body Slam+1","Wild Strike","Thunderclap"],"picked":"SKIP","floor":20},{"not_picked":["Body Slam","Intimidate"],"picked":"Corruption","floor":21},{"not_picked":["Hemokinesis","Metallicize"],"picked":"Flame Barrier","floor":23},{"not_picked":["Reckless Charge","Rupture"],"picked":"Shrug It Off","floor":25},{"not_picked":["Pummel","Havoc+1"],"picked":"Offering","floor":27},{"not_picked":["Body Slam","Twin Strike","Pommel Strike"],"picked":"SKIP","floor":29},{"not_picked":["Twin Strike","Havoc","Thunderclap"],"picked":"SKIP","floor":30},{"not_picked":["Barricade","Juggernaut"],"picked":"Reaper","floor":33},{"not_picked":["Perfected Strike","Warcry"],"picked":"Shrug It Off","floor":35},{"not_picked":["Power Through","Ghostly Armor"],"picked":"Heavy Blade+1","floor":37},{"not_picked":["Rupture","Bloodletting","Pommel Strike+1"],"picked":"SKIP","floor":39},{"not_picked":["Headbutt","Dual Wield"],"picked":"Disarm","floor":42},{"not_picked":["Body Slam","Pommel Strike+1"],"picked":"Offering","floor":44},{"not_picked":["Perfected Strike+1","Armaments","Havoc"],"picked":"SKIP","floor":45},{"not_picked":["Dropkick","Headbutt","Body Slam"],"picked":"SKIP","floor":46},{"not_picked":["Thunderclap+1","Burning Pact","Combust"],"picked":"SKIP","floor":47},{"not_picked":["Burning Pact","Combust"],"picked":"Thunderclap+1","floor":47},{"not_picked":["Rage","Whirlwind","Anger"],"picked":"SKIP","floor":48},{"not_picked":["Pommel Strike","Immolate"],"picked":"Dual Wield","floor":55}],"player_experience":4380601,"relics_obtained":[{"floor":7,"key":"Self Forming Clay"},{"floor":9,"key":"Nunchaku"},{"floor":12,"key":"Pantograph"},{"floor":23,"key":"Juzu Bracelet"},{"floor":26,"key":"Oddly Smooth Stone"},{"floor":27,"key":"Bottled Lightning"},{"floor":30,"key":"Paper Frog"},{"floor":41,"key":"Incense Burner"},{"floor":42,"key":"Vajra"},{"floor":44,"key":"Mummified Hand"},{"floor":46,"key":"Red Skull"},{"floor":48,"key":"Dream Catcher"}],"event_choices":[{"cards_removed":["Strike_R"],"damage_healed":0,"gold_gain":0,"player_choice":"Forget","damage_taken":0,"max_hp_gain":0,"max_hp_loss":0,"event_name":"Living Wall","floor":4,"gold_loss":0},{"cards_removed":["Strike_R"],"damage_healed":0,"gold_gain":0,"player_choice":"Card Removal","damage_taken":0,"max_hp_gain":0,"max_hp_loss":0,"event_name":"The Cleric","floor":11,"gold_loss":75},{"damage_healed":0,"gold_gain":0,"cards_transformed":["Anger","Strike_R"],"player_choice":"Became Test Subject","damage_taken":0,"max_hp_gain":0,"max_hp_loss":0,"event_name":"Drug Dealer","floor":19,"gold_loss":0,"cards_obtained":["Cleave","Reaper"]},{"damage_healed":0,"gold_gain":0,"player_choice":"Read","damage_taken":0,"max_hp_gain":0,"max_hp_loss":0,"event_name":"The Library","floor":31,"gold_loss":0,"cards_obtained":["Dark Embrace"]},{"damage_healed":0,"gold_gain":0,"player_choice":"Ignored","damage_taken":0,"max_hp_gain":0,"max_hp_loss":0,"event_name":"Tomb of Lord Red Mask","floor":36,"gold_loss":0},{"cards_removed":["Strike_R"],"damage_healed":0,"gold_gain":0,"player_choice":"Offered Basic","damage_taken":0,"max_hp_gain":0,"max_hp_loss":0,"event_name":"Bonfire Elementals","floor":38,"gold_loss":0},{"damage_healed":0,"gold_gain":0,"player_choice":"Fight","damage_taken":0,"max_hp_gain":0,"max_hp_loss":0,"event_name":"MindBloom","floor":41,"gold_loss":0}],"is_beta":true,"boss_relics":[{"not_picked":["Pandora\u0027s Box","Lizard Tail"],"picked":"Snecko Eye"},{"not_picked":["Runic Cube","Black Star"],"picked":"Sozu"}],"items_purged_floors":[2,22],"is_endless":false,"potions_floor_spawned":[3,12,16,21,23,27,29,30,35,41,42,44,45,55],"ascension_level":20}