{"gold_per_floor":[117,117,130,148,165,197,197,214,214,214],"floor_reached":10,"playtime":733,"items_purged":[],"score":140,"play_id":"ff3e0716-dc52-4554-a04b-467d0a38215f","local_time":"20190119130414","is_ascension_mode":true,"campfire_choices":[{"floor":7,"key":"REST"}],"neow_cost":"NONE","seed_source_timestamp":110111219469588,"circlet_count":0,"master_deck":["AscendersBane","Defend_G","Defend_G","Defend_G","Defend_G","Defend_G","Strike_G","Strike_G","Strike_G","Strike_G","Survivor","Neutralize","Sucker Punch","Noxious Fumes","Noxious Fumes","Deadly Poison","Dagger Spray","Dash"],"relics":["Ring of the Snake","Dream Catcher"],"potions_floor_usage":[4,6],"damage_taken":[{"damage":24,"enemies":"Jaw Worm","floor":1,"turns":8},{"damage":3,"enemies":"Cultist","floor":3,"turns":5},{"damage":0,"enemies":"2 Louse","floor":4,"turns":4},{"damage":21,"enemies":"Lots of Slimes","floor":5,"turns":5},{"damage":20,"enemies":"Lagavulin","floor":6,"turns":6},{"damage":7,"enemies":"2 Fungi Beasts","floor":8,"turns":5},{"damage":17,"enemies":"3 Sentries","floor":10,"turns":4}],"seed_played":"5443239958134439462","potions_obtained":[{"floor":2,"key":"SpeedPotion"},{"floor":2,"key":"FairyPotion"},{"floor":4,"key":"Strength Potion"},{"floor":6,"key":"Ancient Potion"}],"is_trial":false,"path_per_floor":["M","?","M","M","M","E","R","M","T","E"],"character_chosen":"THE_SILENT","items_purchased":[],"campfire_rested":1,"item_purchase_floors":[],"current_hp_per_floor":[35,35,32,32,11,3,22,15,15,0],"gold":214,"neow_bonus":"TRANSFORM_CARD","is_prod":false,"is_daily":false,"chose_seed":false,"campfire_upgraded":0,"win_rate":0,"timestamp":1547931854,"path_taken":["M","?","?","M","M","E","R","M","T","E"],"build_version":"2019-01-17","purchased_purges":0,"victory":false,"max_hp_per_floor":[66,66,66,66,66,66,66,66,66,66],"card_choices":[{"not_picked":["Deadly Poison","Underhanded Strike"],"picked":"Noxious Fumes","floor":1},{"not_picked":["Endless Agony","Bane"],"picked":"Noxious Fumes","floor":3},{"not_picked":["Prepared","Terror"],"picked":"Deadly Poison","floor":4},{"not_picked":["Heel Hook","Bouncing Flask","Dagger Spray"],"picked":"SKIP","floor":5},{"not_picked":["Blade Dance","Burst","Prepared"],"picked":"SKIP","floor":6},{"not_picked":["Setup","Reflex"],"picked":"Dagger Spray","floor":7},{"not_picked":["Outmaneuver","Skewer"],"picked":"Dash","floor":8}],"player_experience":4426186,"relics_obtained":[{"floor":6,"key":"Dream Catcher"}],"event_choices":[{"damage_healed":0,"gold_gain":0,"player_choice":"Got Potions","damage_taken":0,"max_hp_gain":0,"max_hp_loss":0,"event_name":"Lab","floor":2,"gold_loss":0}],"is_beta":true,"boss_relics":[],"items_purged_floors":[],"is_endless":false,"potions_floor_spawned":[4,6],"killed_by":"3 Sentries","ascension_level":20}