{"gold_per_floor":[119,119,139,214,289,289,316,316,364,364,384,399,433,449,449,526,526,526,451,451,451,451,451,451,451,451,451,451,14,14,14,14,14,14,14,14,14,14,0,0,0,0,0,0,0,0,0,0,0,0,0,0,0,0,0,0],"floor_reached":57,"playtime":4828,"items_purged":["Strike_R","Strike_R"],"score":2947,"play_id":"302f5136-958b-476e-bbca-dc9f961d4f04","local_time":"20190124143650","is_ascension_mode":true,"campfire_choices":[{"data":"Clothesline","floor":6,"key":"SMITH"},{"data":"Armaments","floor":8,"key":"SMITH"},{"floor":10,"key":"REST"},{"data":"Disarm","floor":15,"key":"SMITH"},{"floor":24,"key":"REST"},{"data":"True Grit","floor":32,"key":"SMITH"},{"floor":47,"key":"RECALL"},{"data":"Juggernaut","floor":49,"key":"SMITH"},{"floor":53,"key":"REST"}],"neow_cost":"NONE","seed_source_timestamp":100212310672752,"circlet_count":0,"master_deck":["AscendersBane","Strike_R","Strike_R","Defend_R","Defend_R","Defend_R","Defend_R","Bash+1","Clothesline+1","Shrug It Off","Armaments+1","Corruption","Disarm+1","Juggernaut+1","Shrug It Off","Headbutt+1","Disarm","Feed","Feel No Pain+1","Shrug It Off","True Grit+1","Burning Pact","Offering","Metallicize+1","Thinking Ahead","Mayhem+1","Flame Barrier","Shrug It Off","Disarm","Battle Trance+1","Feel No Pain+1","Offering"],"relics":["Burning Blood","Gremlin Horn","Ice Cream","Oddly Smooth Stone","Bottled Tornado","Ectoplasm","Nilry\u0027s Codex","Omamori","Juzu Bracelet","Frozen Egg 2","Pocketwatch","Medical Kit","Cursed Key","Red Mask","Regal Pillow","Prayer Wheel","Singing Bowl","Happy Flower"],"potions_floor_usage":[13,18,22,23,56],"damage_taken":[{"damage":6,"enemies":"Jaw Worm","floor":1,"turns":5},{"damage":3,"enemies":"2 Louse","floor":3,"turns":3},{"damage":40,"enemies":"Lagavulin","floor":7,"turns":7},{"damage":2,"enemies":"Small Slimes","floor":11,"turns":4},{"damage":13,"enemies":"Exordium Thugs","floor":12,"turns":6},{"damage":21,"enemies":"Gremlin Nob","floor":13,"turns":4},{"damage":0,"enemies":"Looter","floor":14,"turns":4},{"damage":15,"enemies":"The Guardian","floor":16,"turns":16},{"damage":0,"enemies":"3 Byrds","floor":18,"turns":2},{"damage":12,"enemies":"Spheric Guardian","floor":20,"turns":4},{"damage":11,"enemies":"Snecko","floor":22,"turns":6},{"damage":43,"enemies":"Slavers","floor":23,"turns":4},{"damage":15,"enemies":"Book of Stabbing","floor":25,"turns":5},{"damage":0,"enemies":"3 Cultists","floor":30,"turns":4},{"damage":0,"enemies":"Sentry and Sphere","floor":31,"turns":5},{"damage":2,"enemies":"Champ","floor":33,"turns":14},{"damage":12,"enemies":"3 Shapes","floor":35,"turns":3},{"damage":0,"enemies":"Nemesis","floor":40,"turns":7},{"damage":0,"enemies":"3 Darklings","floor":41,"turns":4},{"damage":6,"enemies":"Giant Head","floor":42,"turns":5},{"damage":0,"enemies":"Nemesis","floor":44,"turns":7},{"damage":12,"enemies":"Sphere and 2 Shapes","floor":45,"turns":4},{"damage":20,"enemies":"Donu and Deca","floor":50,"turns":17},{"damage":56,"enemies":"Awakened One","floor":51,"turns":12},{"damage":44,"enemies":"Shield and Spear","floor":55,"turns":9},{"damage":41,"enemies":"The Heart","floor":56,"turns":11}],"seed_played":"1660601628313817587","potions_obtained":[{"floor":3,"key":"GamblersBrew"},{"floor":12,"key":"SmokeBomb"},{"floor":13,"key":"Ancient Potion"},{"floor":20,"key":"Regen Potion"},{"floor":44,"key":"GamblersBrew"},{"floor":55,"key":"Energy Potion"}],"is_trial":false,"path_per_floor":["M","?","M","T","?","R","E","R","T","R","M","M","E","M","R","B",null,"M","$","M","?","M","E","R","E","T","?","?","$","M","M","R","B",null,"M","?","?","?","?","E","M","E","T","E","M","?","R","$","R","B","B",null,"R","$","E","B",null],"character_chosen":"IRONCLAD","items_purchased":["Medical Kit","Shrug It Off","True Grit"],"campfire_rested":3,"item_purchase_floors":[29,29,29],"current_hp_per_floor":[68,73,76,76,65,65,31,31,31,55,59,52,37,43,43,34,69,75,75,69,48,58,21,45,36,36,36,36,36,46,55,55,63,84,81,81,71,71,71,81,90,90,90,102,96,96,96,96,96,90,47,100,117,117,82,47],"gold":0,"neow_bonus":"UPGRADE_CARD","is_prod":false,"is_daily":false,"chose_seed":false,"campfire_upgraded":5,"win_rate":0,"timestamp":1548369410,"path_taken":["M","?","M","?","?","R","E","R","T","R","M","M","E","M","R","BOSS","M","$","M","?","M","E","R","E","T","?","?","$","M","M","R","BOSS","M","?","?","?","?","E","M","E","T","E","M","?","R","$","R","BOSS","BOSS","R","$","E","BOSS"],"build_version":"2019-01-23","purchased_purges":2,"victory":true,"max_hp_per_floor":[75,80,80,80,80,80,80,80,80,80,80,80,80,80,80,80,80,80,80,80,80,80,80,80,80,80,80,80,80,84,87,87,91,91,94,94,94,89,89,93,96,96,96,102,102,102,102,102,102,110,117,117,117,117,120,120],"card_choices":[{"not_picked":["Twin Strike","Perfected Strike"],"picked":"Clothesline","floor":1},{"not_picked":["True Grit","Blood for Blood"],"picked":"Shrug It Off","floor":3},{"not_picked":["Thunderclap","Body Slam"],"picked":"Armaments","floor":7},{"not_picked":["Sword Boomerang","Warcry","Searing Blow"],"picked":"SKIP","floor":11},{"not_picked":["Perfected Strike","True Grit"],"picked":"Corruption","floor":12},{"not_picked":["Reckless Charge","Twin Strike","Heavy Blade"],"picked":"SKIP","floor":13},{"not_picked":["Infernal Blade","Cleave"],"picked":"Disarm","floor":14},{"not_picked":["Berserk","Fiend Fire"],"picked":"Juggernaut","floor":16},{"not_picked":["Sword Boomerang+1","Cleave+1"],"picked":"Shrug It Off","floor":20},{"not_picked":["Thunderclap","Warcry"],"picked":"Headbutt+1","floor":22},{"not_picked":["Armaments","Thunderclap"],"picked":"Disarm","floor":23},{"not_picked":["Armaments+1","Headbutt"],"picked":"Feed","floor":25},{"not_picked":["Armaments","Thunderclap","Cleave"],"picked":"SKIP","floor":30},{"not_picked":["Body Slam","Battle Trance+1"],"picked":"Burning Pact","floor":31},{"not_picked":["Impervious","Barricade+1"],"picked":"Offering","floor":33},{"not_picked":["Twin Strike","Shrug It Off+1"],"picked":"Metallicize+1","floor":35},{"not_picked":["Sadistic Nature+1","Mind Blast"],"picked":"Thinking Ahead","floor":37},{"not_picked":["Magnetism+1","Secret Weapon"],"picked":"Mayhem+1","floor":37},{"not_picked":["Armaments+1","Sword Boomerang+1","Anger"],"picked":"SKIP","floor":40},{"not_picked":["Shrug It Off","Flex"],"picked":"Flame Barrier","floor":41},{"not_picked":["Headbutt","Whirlwind"],"picked":"Shrug It Off","floor":42},{"not_picked":["Reckless Charge","Armaments+1","Heavy Blade"],"picked":"Singing Bowl","floor":44},{"not_picked":["Combust+1","Pommel Strike"],"picked":"Disarm","floor":45},{"not_picked":["Ghostly Armor","Flex+1"],"picked":"Battle Trance+1","floor":45},{"not_picked":["Seeing Red","Battle Trance+1"],"picked":"Offering","floor":55}],"player_experience":4490867,"relics_obtained":[{"floor":4,"key":"Gremlin Horn"},{"floor":7,"key":"Ice Cream"},{"floor":9,"key":"Oddly Smooth Stone"},{"floor":13,"key":"Bottled Tornado"},{"floor":21,"key":"Nilry\u0027s Codex"},{"floor":23,"key":"Omamori"},{"floor":25,"key":"Juzu Bracelet"},{"floor":26,"key":"Frozen Egg 2"},{"floor":40,"key":"Regal Pillow"},{"floor":42,"key":"Prayer Wheel"},{"floor":44,"key":"Singing Bowl"},{"floor":55,"key":"Happy Flower"}],"event_choices":[{"damage_healed":0,"gold_gain":0,"player_choice":"Donut","damage_taken":0,"max_hp_gain":5,"max_hp_loss":0,"event_name":"Big Fish","floor":2,"gold_loss":0},{"damage_healed":0,"gold_gain":75,"player_choice":"Gather Gold","damage_taken":11,"max_hp_gain":0,"max_hp_loss":0,"event_name":"World of Goop","floor":5,"gold_loss":0},{"damage_healed":0,"gold_gain":0,"player_choice":"Obtained Book","damage_taken":21,"max_hp_gain":0,"max_hp_loss":0,"event_name":"Cursed Tome","floor":21,"gold_loss":0},{"damage_healed":0,"gold_gain":0,"player_choice":"Stole Relic","damage_taken":0,"relics_obtained":["Pocketwatch"],"max_hp_gain":0,"max_hp_loss":0,"event_name":"Addict","floor":27,"gold_loss":0,"cards_obtained":["Shame"]},{"damage_healed":0,"gold_gain":0,"player_choice":"Read","damage_taken":0,"max_hp_gain":0,"max_hp_loss":0,"event_name":"The Library","floor":28,"gold_loss":0,"cards_obtained":["Feel No Pain"]},{"cards_removed":["Strike_R"],"damage_healed":0,"gold_gain":0,"player_choice":"Removed Attack","damage_taken":0,"max_hp_gain":0,"max_hp_loss":0,"event_name":"Falling","floor":36,"gold_loss":0},{"damage_healed":0,"gold_gain":0,"player_choice":"Memory 3","damage_taken":10,"max_hp_gain":0,"max_hp_loss":0,"event_name":"SensoryStone","floor":37,"gold_loss":0},{"damage_healed":0,"gold_gain":0,"player_choice":"Max HP","damage_taken":0,"max_hp_gain":0,"max_hp_loss":5,"event_name":"Winding Halls","floor":38,"gold_loss":0},{"damage_healed":0,"gold_gain":0,"player_choice":"Paid","damage_taken":0,"relics_obtained":["Red Mask"],"max_hp_gain":0,"max_hp_loss":0,"event_name":"Tomb of Lord Red Mask","floor":39,"gold_loss":14},{"damage_healed":0,"gold_gain":0,"player_choice":"Copied","damage_taken":0,"max_hp_gain":0,"max_hp_loss":0,"event_name":"Duplicator","floor":46,"gold_loss":0,"cards_obtained":["Feel No Pain"]}],"is_beta":true,"boss_relics":[{"not_picked":["Black Blood","Coffee Dripper"],"picked":"Ectoplasm"},{"not_picked":["Mark of Pain","Velvet Choker"],"picked":"Cursed Key"}],"items_purged_floors":[19,29],"is_endless":false,"potions_floor_spawned":[3,12,13,18,20,44,55],"ascension_level":20}