{"gold_per_floor":[119,135,135,155,174,174,200,200,200,216,247,261,186,17,17,91,91,108,108,127,177,187,218,233,249,249,279,279,68,68,68,68,144,144,164,6,6,56,56,85,85,118,118,118,118,152,168,185,185,185,185],"floor_reached":51,"playtime":4923,"items_purged":["Strike_R+1"],"score":1516,"play_id":"cba9636e-15a0-4363-bf52-d3750dc9353a","local_time":"20190127155611","is_ascension_mode":true,"campfire_choices":[{"data":"Bash","floor":6,"key":"SMITH"},{"data":"Anger","floor":8,"key":"SMITH"},{"data":"Disarm","floor":15,"key":"SMITH"},{"data":"True Grit","floor":30,"key":"SMITH"},{"floor":32,"key":"REST"},{"data":"Inflame","floor":41,"key":"SMITH"},{"floor":44,"key":"RECALL"},{"data":"Battle Trance","floor":49,"key":"SMITH"}],"neow_cost":"NONE","seed_source_timestamp":364134605183321,"circlet_count":0,"master_deck":["AscendersBane","Strike_R+1","Strike_R+1","Strike_R+1","Defend_R+1","Defend_R+1","Defend_R+1","Defend_R+1","Bash+1","Pummel","Battle Trance","Disarm+1","Anger+1","True Grit+1","Uppercut+1","Impervious","Feed","Corruption+1","Shrug It Off","Shrug It Off","Inflame+1","Body Slam","Battle Trance+1","Juggernaut+1","Battle Trance+1","True Grit+1","Disarm+1","Headbutt","Metallicize+1","Reaper"],"relics":["Burning Blood","Vajra","Shuriken","Ornamental Fan","Lantern","Whetstone","Velvet Choker","Oddly Smooth Stone","Frozen Egg 2","Orichalcum","Philosopher\u0027s Stone","Bag of Preparation","Gambling Chip","Juzu Bracelet","Singing Bowl","Bag of Marbles"],"potions_floor_usage":[7,11,16,27,35,40,48,51],"damage_taken":[{"damage":4,"enemies":"Jaw Worm","floor":1,"turns":6},{"damage":0,"enemies":"Cultist","floor":2,"turns":2},{"damage":2,"enemies":"2 Louse","floor":4,"turns":3},{"damage":11,"enemies":"Blue Slaver","floor":5,"turns":6},{"damage":30,"enemies":"3 Sentries","floor":7,"turns":7},{"damage":0,"enemies":"2 Fungi Beasts","floor":10,"turns":2},{"damage":5,"enemies":"Lagavulin","floor":11,"turns":6},{"damage":4,"enemies":"Lots of Slimes","floor":12,"turns":3},{"damage":36,"enemies":"Slime Boss","floor":16,"turns":11},{"damage":10,"enemies":"3 Byrds","floor":18,"turns":7},{"damage":6,"enemies":"Shell Parasite","floor":20,"turns":3},{"damage":0,"enemies":"Snake Plant","floor":22,"turns":4},{"damage":21,"enemies":"Book of Stabbing","floor":23,"turns":7},{"damage":10,"enemies":"Centurion and Healer","floor":24,"turns":5},{"damage":3,"enemies":"Shelled Parasite and Fungi","floor":25,"turns":6},{"damage":18,"enemies":"Gremlin Leader","floor":27,"turns":9},{"damage":52,"enemies":"Champ","floor":33,"turns":19},{"damage":11,"enemies":"3 Darklings","floor":35,"turns":4},{"damage":6,"enemies":"2 Orb Walkers","floor":38,"turns":4},{"damage":30,"enemies":"Nemesis","floor":40,"turns":7},{"damage":23,"enemies":"Giant Head","floor":42,"turns":6},{"damage":14,"enemies":"Nemesis","floor":46,"turns":7},{"damage":0,"enemies":"Orb Walker","floor":47,"turns":4},{"damage":0,"enemies":"Sphere and 2 Shapes","floor":48,"turns":3},{"damage":58,"enemies":"Time Eater","floor":50,"turns":14},{"damage":67,"enemies":"Donu and Deca","floor":51,"turns":8}],"seed_played":"5348137826447288514","potions_obtained":[{"floor":1,"key":"SkillPotion"},{"floor":3,"key":"Poison Potion"},{"floor":3,"key":"Block Potion"},{"floor":5,"key":"PowerPotion"},{"floor":10,"key":"Weak Potion"},{"floor":23,"key":"AttackPotion"},{"floor":24,"key":"Strength Potion"},{"floor":38,"key":"Regen Potion"},{"floor":42,"key":"Explosive Potion"}],"is_trial":false,"path_per_floor":["M","M","?","M","M","R","E","R","T","M","E","M","?","$","R","B",null,"M","?","M","?","M","E","M","M","T","E","?","$","R","$","R","B",null,"M","$","?","?","?","E","R","E","T","R","?","E","M","M","R","B","B"],"character_chosen":"IRONCLAD","items_purchased":["Whetstone","Battle Trance","Block Potion","Bag of Preparation"],"campfire_rested":1,"item_purchase_floors":[14,29,29,36],"current_hp_per_floor":[70,75,75,75,70,70,46,46,46,52,53,55,55,55,55,25,63,62,62,65,65,74,62,61,67,67,58,29,29,29,29,59,16,82,77,77,77,77,77,67,67,55,55,55,55,50,59,76,76,32,0],"gold":185,"neow_bonus":"RANDOM_COMMON_RELIC","is_prod":false,"is_daily":false,"chose_seed":false,"campfire_upgraded":6,"win_rate":0,"timestamp":1548633371,"path_taken":["M","M","?","?","M","R","E","R","T","M","E","M","?","$","R","BOSS","M","?","M","?","M","E","?","M","T","E","?","$","R","?","R","BOSS","M","$","?","?","?","E","R","E","T","R","?","E","M","M","R","BOSS","BOSS"],"build_version":"2019-01-23","purchased_purges":1,"victory":false,"max_hp_per_floor":[75,75,75,75,75,75,75,75,75,75,75,75,75,75,75,75,75,78,78,81,81,84,87,90,93,93,96,101,101,101,101,101,104,104,104,104,104,104,104,104,104,109,109,109,109,112,115,120,120,120,120],"card_choices":[{"not_picked":["Heavy Blade","Ghostly Armor"],"picked":"Pummel","floor":1},{"not_picked":["Ghostly Armor","Rage"],"picked":"Battle Trance","floor":2},{"not_picked":["Feel No Pain","Clash"],"picked":"Disarm","floor":4},{"not_picked":["Sword Boomerang","Metallicize"],"picked":"Anger","floor":5},{"not_picked":["Armaments","Warcry"],"picked":"True Grit","floor":7},{"not_picked":["Clash","Wild Strike"],"picked":"Uppercut","floor":10},{"not_picked":["Ghostly Armor","Hemokinesis","Warcry"],"picked":"SKIP","floor":11},{"not_picked":["Shrug It Off","Heavy Blade"],"picked":"Impervious","floor":12},{"not_picked":["Impervious","Brutality"],"picked":"Feed","floor":16},{"not_picked":["Flex","Wild Strike"],"picked":"Corruption+1","floor":18},{"not_picked":["Power Through","Hemokinesis"],"picked":"Shrug It Off","floor":20},{"not_picked":["Perfected Strike","Hemokinesis","Bloodletting"],"picked":"SKIP","floor":22},{"not_picked":["Pommel Strike","True Grit"],"picked":"Shrug It Off","floor":23},{"not_picked":["Rampage","Hemokinesis"],"picked":"Inflame","floor":24},{"not_picked":["Anger","Clothesline"],"picked":"Body Slam","floor":25},{"not_picked":["Sword Boomerang","Pummel"],"picked":"Whirlwind","floor":27},{"not_picked":["Feed","Berserk+1"],"picked":"Juggernaut+1","floor":33},{"not_picked":["Armaments","Sever Soul"],"picked":"Battle Trance+1","floor":35},{"not_picked":["Headbutt","Havoc+1"],"picked":"True Grit+1","floor":38},{"not_picked":["Entrench+1","Pummel"],"picked":"Headbutt","floor":40},{"not_picked":["Pummel+1","Iron Wave","Flex"],"picked":"Singing Bowl","floor":42},{"not_picked":["Headbutt","Wild Strike+1"],"picked":"Metallicize+1","floor":46},{"not_picked":["Clash+1","Carnage"],"picked":"Reaper","floor":47},{"not_picked":["Sentinel","Flex","Warcry+1"],"picked":"Singing Bowl","floor":48}],"player_experience":4537084,"relics_obtained":[{"floor":7,"key":"Shuriken"},{"floor":9,"key":"Ornamental Fan"},{"floor":11,"key":"Lantern"},{"floor":23,"key":"Oddly Smooth Stone"},{"floor":26,"key":"Frozen Egg 2"},{"floor":27,"key":"Orichalcum"},{"floor":38,"key":"Gambling Chip"},{"floor":40,"key":"Juzu Bracelet"},{"floor":42,"key":"Singing Bowl"},{"floor":46,"key":"Bag of Marbles"}],"event_choices":[{"damage_healed":0,"gold_gain":0,"player_choice":"Got Potions","damage_taken":0,"max_hp_gain":0,"max_hp_loss":0,"event_name":"Lab","floor":3,"gold_loss":0},{"cards_removed":["Strike_R"],"damage_healed":0,"gold_gain":0,"player_choice":"Card Removal","damage_taken":0,"max_hp_gain":0,"max_hp_loss":0,"event_name":"The Cleric","floor":13,"gold_loss":75},{"damage_healed":0,"gold_gain":0,"player_choice":"Simplicity","damage_taken":0,"max_hp_gain":0,"max_hp_loss":0,"event_name":"Back to Basics","floor":19,"gold_loss":0,"cards_upgraded":["Strike_R","Strike_R","Strike_R","Defend_R","Defend_R","Defend_R","Defend_R"]},{"damage_healed":0,"gold_gain":50,"player_choice":"Pray","damage_taken":0,"max_hp_gain":0,"max_hp_loss":0,"event_name":"Golden Shrine","floor":21,"gold_loss":0},{"damage_healed":0,"gold_gain":0,"player_choice":"Shed Blood","damage_taken":34,"max_hp_gain":5,"max_hp_loss":0,"event_name":"Forgotten Altar","floor":28,"gold_loss":0},{"damage_healed":0,"gold_gain":0,"player_choice":"Memory 1","damage_taken":0,"max_hp_gain":0,"max_hp_loss":0,"event_name":"SensoryStone","floor":37,"gold_loss":0},{"damage_healed":0,"gold_gain":0,"player_choice":"Fight","damage_taken":0,"max_hp_gain":0,"max_hp_loss":0,"event_name":"Mysterious Sphere","floor":38,"gold_loss":0},{"damage_healed":0,"gold_gain":0,"player_choice":"Copied","damage_taken":0,"max_hp_gain":0,"max_hp_loss":0,"event_name":"Duplicator","floor":39,"gold_loss":0,"cards_obtained":["Disarm"]},{"cards_removed":["Whirlwind"],"damage_healed":0,"gold_gain":0,"player_choice":"Removed Attack","damage_taken":0,"max_hp_gain":0,"max_hp_loss":0,"event_name":"Falling","floor":45,"gold_loss":0}],"is_beta":true,"boss_relics":[{"not_picked":["Tiny House","Astrolabe"],"picked":"Velvet Choker"},{"not_picked":["Busted Crown","Black Blood"],"picked":"Philosopher\u0027s Stone"}],"items_purged_floors":[29],"is_endless":false,"potions_floor_spawned":[1,5,10,23,24,33,38,42],"killed_by":"Donu and Deca","ascension_level":20}