{"gold_per_floor":[215,52,66,31,50,50,63,91,170,195,195,211,211,211,211,287,287,300,300,315,341,355,355,370,370,370,50,50,85,10,29,29,103,103,122,122,122,138,51,86,86,86,86,119,119,131,161,1,1,1,1,1,1,1,30,30],"floor_reached":56,"playtime":5366,"items_purged":[],"score":1947,"play_id":"2cb100bf-eb4a-424b-b0d3-23c744629d4d","local_time":"20190130172028","is_ascension_mode":true,"campfire_choices":[{"data":"Skewer","floor":6,"key":"SMITH"},{"floor":11,"key":"REST"},{"data":"Flechettes","floor":13,"key":"SMITH"},{"data":"Crippling Poison","floor":15,"key":"SMITH"},{"floor":23,"key":"REST"},{"floor":25,"key":"REST"},{"floor":28,"key":"REST"},{"floor":32,"key":"RECALL"},{"floor":41,"key":"REST"},{"floor":45,"key":"REST"},{"floor":49,"key":"REST"},{"floor":53,"key":"REST"}],"neow_cost":"NONE","seed_source_timestamp":108130845472342,"circlet_count":0,"master_deck":["AscendersBane","Defend_G","Defend_G","Defend_G","Defend_G","Defend_G","Strike_G","Strike_G","Strike_G","Strike_G","Survivor","Neutralize","Well Laid Plans","PiercingWail","Skewer+1","Crippling Poison+1","Backflip","Infinite Blades","Flechettes+1","After Image","Footwork","Noxious Fumes","Predator","Malaise","Calculated Gamble+1","Crippling Poison","Wraith Form v2","Prepared+1","Corpse Explosion","Dodge and Roll+1","After Image","Reflex+1","Cloak And Dagger","Dodge and Roll","Leg Sweep","Calculated Gamble","Footwork","Dodge and Roll","After Image","Cloak And Dagger+1"],"relics":["Ring of the Serpent","Orichalcum","Bird Faced Urn","Shuriken","Dream Catcher","Fusion Hammer","Ginger","PreservedInsect","Tingsha","Anchor","Bag of Marbles","Bag of Preparation","Oddly Smooth Stone","Dodecahedron"],"potions_floor_usage":[10,10,16,29,40,47,51,56],"damage_taken":[{"damage":12,"enemies":"Cultist","floor":1,"turns":5},{"damage":1,"enemies":"Jaw Worm","floor":3,"turns":6},{"damage":0,"enemies":"2 Louse","floor":5,"turns":4},{"damage":2,"enemies":"Exordium Wildlife","floor":7,"turns":6},{"damage":35,"enemies":"Gremlin Nob","floor":8,"turns":5},{"damage":4,"enemies":"3 Sentries","floor":10,"turns":7},{"damage":5,"enemies":"Large Slime","floor":12,"turns":7},{"damage":15,"enemies":"Slime Boss","floor":16,"turns":10},{"damage":14,"enemies":"Shell Parasite","floor":18,"turns":5},{"damage":18,"enemies":"Spheric Guardian","floor":20,"turns":4},{"damage":31,"enemies":"Cultist and Chosen","floor":22,"turns":7},{"damage":28,"enemies":"Shelled Parasite and Fungi","floor":24,"turns":6},{"damage":8,"enemies":"Gremlin Leader","floor":29,"turns":5},{"damage":8,"enemies":"Sentry and Sphere","floor":31,"turns":6},{"damage":10,"enemies":"Automaton","floor":33,"turns":10},{"damage":23,"enemies":"3 Shapes","floor":35,"turns":5},{"damage":9,"enemies":"Orb Walker","floor":38,"turns":4},{"damage":45,"enemies":"Reptomancer","floor":40,"turns":6},{"damage":23,"enemies":"Nemesis","floor":44,"turns":9},{"damage":12,"enemies":"Spire Growth","floor":46,"turns":6},{"damage":19,"enemies":"Giant Head","floor":47,"turns":10},{"damage":25,"enemies":"Donu and Deca","floor":50,"turns":14},{"damage":58,"enemies":"Time Eater","floor":51,"turns":18},{"damage":39,"enemies":"Shield and Spear","floor":55,"turns":8},{"damage":64,"enemies":"The Heart","floor":56,"turns":5}],"seed_played":"-1680788713524713397","potions_obtained":[{"floor":1,"key":"LiquidBronze"},{"floor":5,"key":"Explosive Potion"},{"floor":8,"key":"Explosive Potion"},{"floor":12,"key":"SpeedPotion"},{"floor":18,"key":"Block Potion"},{"floor":20,"key":"Strength Potion"},{"floor":29,"key":"Explosive Potion"},{"floor":46,"key":"SpeedPotion"},{"floor":47,"key":"Fire Potion"}],"is_trial":false,"path_per_floor":["M","$","M","?","M","R","M","E","T","E","R","M","R","?","R","B",null,"M","?","M","T","M","R","M","R","T","$","R","E","?","M","R","B",null,"M","?","?","M","$","E","R","?","T","E","R","M","E","$","R","B","B",null,"R","$","E","B"],"character_chosen":"THE_SILENT","items_purchased":["Orichalcum","Malaise","PreservedInsect","Corpse Explosion","Calculated Gamble","Footwork"],"campfire_rested":8,"item_purchase_floors":[2,27,27,39,48,48],"current_hp_per_floor":[47,47,46,62,62,62,60,25,25,23,42,41,41,46,46,35,62,54,54,42,42,19,40,22,43,43,43,64,63,63,65,65,63,69,49,49,49,44,44,9,30,30,30,21,42,44,39,39,60,51,9,56,71,71,48,0],"gold":30,"neow_bonus":"HUNDRED_GOLD","is_prod":false,"is_daily":false,"chose_seed":false,"campfire_upgraded":3,"win_rate":0,"timestamp":1548897628,"path_taken":["M","$","M","?","M","R","M","E","T","E","R","M","R","?","R","BOSS","M","?","M","?","M","R","M","R","T","$","R","E","?","M","R","BOSS","M","?","?","M","$","E","R","?","T","E","R","?","E","?","R","BOSS","BOSS","R","$","E","BOSS"],"build_version":"2019-01-23","purchased_purges":0,"victory":false,"max_hp_per_floor":[66,66,66,66,66,66,66,66,66,66,66,66,66,71,71,71,71,71,71,71,71,71,71,71,71,71,71,71,71,71,71,71,71,71,71,71,71,71,71,71,71,71,71,71,71,71,71,71,71,71,71,71,71,71,71,71],"card_choices":[{"not_picked":["Bane","Terror"],"picked":"Well Laid Plans","floor":1},{"not_picked":["Blade Dance","Outmaneuver"],"picked":"PiercingWail","floor":3},{"not_picked":["Tactician","Riddle With Holes"],"picked":"Skewer","floor":5},{"not_picked":["Unload","Backflip"],"picked":"Crippling Poison","floor":7},{"not_picked":["Setup","Accuracy"],"picked":"Backflip","floor":8},{"not_picked":["Blur","Night Terror"],"picked":"Infinite Blades","floor":10},{"not_picked":["Predator","Deadly Poison"],"picked":"Flechettes","floor":12},{"not_picked":["Night Terror","Burst"],"picked":"After Image","floor":16},{"not_picked":["Skewer","Underhanded Strike","Dash"],"picked":"SKIP","floor":18},{"not_picked":["Sucker Punch","Bane"],"picked":"Dagger Throw+1","floor":20},{"not_picked":["Blade Dance","Dodge and Roll"],"picked":"Noxious Fumes","floor":22},{"not_picked":["Finisher","Accuracy"],"picked":"Predator","floor":24},{"not_picked":["Escape Plan","Bane"],"picked":"Calculated Gamble+1","floor":29},{"not_picked":["All Out Attack+1","Reflex"],"picked":"Crippling Poison","floor":31},{"not_picked":["Burst","A Thousand Cuts"],"picked":"Wraith Form v2","floor":33},{"not_picked":["Quick Slash","Flying Knee+1","Choke"],"picked":"SKIP","floor":35},{"not_picked":["Escape Plan","Deflect"],"picked":"Prepared+1","floor":38},{"not_picked":["Eviscerate+1","Bullet Time","Blade Dance"],"picked":"SKIP","floor":40},{"not_picked":["Distraction","Slice"],"picked":"Dodge and Roll+1","floor":41},{"not_picked":["Poisoned Stab","Blade Dance"],"picked":"Reflex+1","floor":44},{"not_picked":["Sucker Punch","Eviscerate"],"picked":"Cloak And Dagger","floor":45},{"not_picked":["Riddle With Holes","Skewer"],"picked":"Dodge and Roll","floor":46},{"not_picked":["Sucker Punch","Outmaneuver"],"picked":"Leg Sweep","floor":47},{"not_picked":["Backstab+1","Finisher+1"],"picked":"Dodge and Roll","floor":49},{"not_picked":["Heel Hook","Quick Slash"],"picked":"After Image","floor":53},{"not_picked":["Sucker Punch","A Thousand Cuts"],"picked":"Cloak And Dagger+1","floor":55}],"player_experience":4593787,"relics_obtained":[{"floor":8,"key":"Bird Faced Urn"},{"floor":9,"key":"Shuriken"},{"floor":10,"key":"Dream Catcher"},{"floor":26,"key":"Ginger"},{"floor":29,"key":"Tingsha"},{"floor":40,"key":"Anchor"},{"floor":43,"key":"Bag of Marbles"},{"floor":44,"key":"Bag of Preparation"},{"floor":47,"key":"Oddly Smooth Stone"},{"floor":55,"key":"Dodecahedron"}],"event_choices":[{"damage_healed":16,"gold_gain":0,"player_choice":"Healed","damage_taken":0,"max_hp_gain":0,"max_hp_loss":0,"event_name":"The Cleric","floor":4,"gold_loss":35},{"damage_healed":0,"gold_gain":0,"player_choice":"Donut","damage_taken":0,"max_hp_gain":5,"max_hp_loss":0,"event_name":"Big Fish","floor":14,"gold_loss":0},{"damage_healed":0,"gold_gain":0,"player_choice":"Read","damage_taken":0,"max_hp_gain":0,"max_hp_loss":0,"event_name":"The Library","floor":19,"gold_loss":0,"cards_obtained":["Footwork"]},{"cards_removed":["Strike_G"],"damage_healed":0,"gold_gain":0,"player_choice":"Gave Gold","damage_taken":0,"max_hp_gain":0,"max_hp_loss":0,"event_name":"Beggar","floor":30,"gold_loss":75},{"damage_healed":0,"gold_gain":0,"player_choice":"Ignored","damage_taken":0,"max_hp_gain":0,"max_hp_loss":0,"event_name":"Tomb of Lord Red Mask","floor":36,"gold_loss":0},{"cards_removed":["Dagger Throw"],"damage_healed":0,"gold_gain":0,"player_choice":"Removed Attack","damage_taken":0,"max_hp_gain":0,"max_hp_loss":0,"event_name":"Falling","floor":37,"gold_loss":0},{"damage_healed":0,"gold_gain":0,"player_choice":"Copied","damage_taken":0,"max_hp_gain":0,"max_hp_loss":0,"event_name":"Duplicator","floor":42,"gold_loss":0,"cards_obtained":["After Image"]}],"is_beta":true,"boss_relics":[{"not_picked":["Coffee Dripper","Orrery"],"picked":"Fusion Hammer"},{"not_picked":["WristBlade","Eternal Feather"],"picked":"Ring of the Serpent"}],"items_purged_floors":[],"is_endless":false,"potions_floor_spawned":[1,5,8,12,18,20,29,33,46,47],"killed_by":"The Heart","ascension_level":20}