{"gold_per_floor":[116,134,134,153,27,27,52,52,52,52,71,103,122,151,151,225,225,242,167,187,187,218,236,236,236],"floor_reached":25,"playtime":1223,"items_purged":["Strike_R"],"score":442,"play_id":"3e905bdb-b6b7-4780-a3e3-183d39c616b7","local_time":"20190125164611","is_ascension_mode":true,"campfire_choices":[{"data":"Bash","floor":6,"key":"SMITH"},{"data":"Anger","floor":8,"key":"SMITH"},{"data":"1","floor":15,"key":"LIFT"},{"floor":24,"key":"REST"}],"neow_cost":"TEN_PERCENT_HP_LOSS","seed_source_timestamp":198030992585943,"circlet_count":0,"master_deck":["AscendersBane","Strike_R","Strike_R","Defend_R","Defend_R","Defend_R","Bash+1","Headbutt","Shrug It Off","Anger+1","Shrug It Off","Twin Strike","Heavy Blade","Sword Boomerang","Limit Break","Normality","Injury","Intimidate","Shrug It Off"],"relics":["Burning Blood","Du-Vu Doll","Girya","Nunchaku","Juzu Bracelet","Calling Bell","Turnip","Mummified Hand","Smiling Mask","Red Mask"],"potions_floor_usage":[16,22,25,25],"damage_taken":[{"damage":16,"enemies":"Small Slimes","floor":1,"turns":5},{"damage":0,"enemies":"2 Louse","floor":2,"turns":3},{"damage":0,"enemies":"Cultist","floor":4,"turns":4},{"damage":19,"enemies":"Lagavulin","floor":7,"turns":6},{"damage":10,"enemies":"Large Slime","floor":11,"turns":4},{"damage":28,"enemies":"Gremlin Nob","floor":12,"turns":4},{"damage":3,"enemies":"Blue Slaver","floor":13,"turns":2},{"damage":14,"enemies":"Lagavulin","floor":14,"turns":7},{"damage":24,"enemies":"Hexaghost","floor":16,"turns":5},{"damage":25,"enemies":"Chosen","floor":18,"turns":4},{"damage":15,"enemies":"2 Thieves","floor":20,"turns":3},{"damage":16,"enemies":"Masked Bandits","floor":22,"turns":4},{"damage":15,"enemies":"Snake Plant","floor":23,"turns":4},{"damage":33,"enemies":"Slavers","floor":25,"turns":4}],"seed_played":"-5410850367554842754","potions_obtained":[{"floor":2,"key":"BloodPotion"},{"floor":4,"key":"FairyPotion"},{"floor":13,"key":"FearPotion"},{"floor":16,"key":"EssenceOfSteel"},{"floor":22,"key":"SkillPotion"},{"floor":23,"key":"SteroidPotion"}],"is_trial":false,"path_per_floor":["M","M","?","M","$","R","E","R","T","?","M","E","M","E","R","B",null,"M","?","M","?","?","M","R","E"],"character_chosen":"IRONCLAD","items_purchased":["Shrug It Off"],"campfire_rested":1,"item_purchase_floors":[5],"current_hp_per_floor":[58,64,57,63,63,63,50,50,50,50,46,24,27,19,19,12,54,35,35,26,26,16,7,27,0],"gold":236,"neow_bonus":"REMOVE_TWO","is_prod":false,"is_daily":false,"chose_seed":false,"campfire_upgraded":2,"win_rate":0,"timestamp":1548463571,"path_taken":["M","M","?","M","$","R","E","R","T","?","M","E","?","E","R","BOSS","M","?","M","?","?","M","R","E"],"build_version":"2019-01-23","purchased_purges":1,"victory":false,"max_hp_per_floor":[68,68,68,68,68,68,68,68,68,68,68,68,68,68,68,68,68,68,68,68,68,68,68,68,68],"card_choices":[{"not_picked":["Heavy Blade","Wild Strike"],"picked":"Headbutt","floor":1},{"not_picked":["Fire Breathing","Barricade"],"picked":"Shrug It Off","floor":2},{"not_picked":["Pummel","Havoc"],"picked":"Anger","floor":4},{"not_picked":["Carnage","Second Wind","Perfected Strike"],"picked":"SKIP","floor":7},{"not_picked":["Rupture","Armaments"],"picked":"Heavy Blade","floor":11},{"not_picked":["Heavy Blade","Warcry"],"picked":"Sword Boomerang","floor":12},{"not_picked":["Thunderclap","Wild Strike","Fire Breathing"],"picked":"SKIP","floor":13},{"not_picked":["Ghostly Armor","Blood for Blood","Seeing Red"],"picked":"SKIP","floor":14},{"not_picked":["Brutality","Offering"],"picked":"Limit Break","floor":16},{"not_picked":["Clash","Headbutt","Anger"],"picked":"SKIP","floor":18},{"not_picked":["Sword Boomerang","Armaments"],"picked":"Intimidate","floor":20},{"not_picked":["Impervious","Entrench+1"],"picked":"Shrug It Off","floor":22},{"not_picked":["Perfected Strike","Fire Breathing","Pommel Strike"],"picked":"SKIP","floor":23}],"player_experience":4513800,"relics_obtained":[{"floor":7,"key":"Du-Vu Doll"},{"floor":9,"key":"Girya"},{"floor":12,"key":"Nunchaku"},{"floor":14,"key":"Juzu Bracelet"},{"floor":17,"key":"Turnip"},{"floor":17,"key":"Mummified Hand"},{"floor":17,"key":"Smiling Mask"},{"floor":22,"key":"Red Mask"}],"event_choices":[{"cards_removed":["Defend_R"],"damage_healed":0,"gold_gain":0,"player_choice":"Card Removal","damage_taken":7,"max_hp_gain":0,"max_hp_loss":0,"event_name":"Golden Wing","floor":3,"gold_loss":0},{"damage_healed":0,"gold_gain":0,"player_choice":"1 cards matched","damage_taken":0,"max_hp_gain":0,"max_hp_loss":0,"event_name":"Match and Keep!","floor":10,"gold_loss":0,"cards_obtained":["Twin Strike"]},{"cards_removed":["Writhe"],"damage_healed":0,"gold_gain":0,"player_choice":"Gave Gold","damage_taken":0,"max_hp_gain":0,"max_hp_loss":0,"event_name":"Beggar","floor":19,"gold_loss":75},{"damage_healed":0,"gold_gain":0,"player_choice":"Ignored","damage_taken":0,"max_hp_gain":0,"max_hp_loss":0,"event_name":"Vampires","floor":21,"gold_loss":0},{"damage_healed":0,"gold_gain":0,"player_choice":"Fought Bandits","damage_taken":0,"max_hp_gain":0,"max_hp_loss":0,"event_name":"Masked Bandits","floor":22,"gold_loss":0}],"is_beta":true,"boss_relics":[{"not_picked":["Ectoplasm","Philosopher\u0027s Stone"],"picked":"Calling Bell"}],"items_purged_floors":[5],"is_endless":false,"potions_floor_spawned":[2,4,12,13,16,22,23],"killed_by":"Slavers","ascension_level":20}