{"gold_per_floor":[361,77,90,90,108,136,136,167,192,192,65,65,100,112,112,188,188,203,203,217,217,4,15,15,15,15,40,90,104,133,148,148,227,227,243,296,310,334,353,353,353],"floor_reached":41,"playtime":3017,"items_purged":["Strike_G"],"score":998,"play_id":"e9a84f58-8bd3-46bf-8bae-9bbfa30d67e5","local_time":"20190120123340","is_ascension_mode":true,"campfire_choices":[{"floor":7,"key":"REST"},{"data":"Corpse Explosion","floor":10,"key":"SMITH"},{"data":"Neutralize","floor":12,"key":"SMITH"},{"data":"Corpse Explosion","floor":15,"key":"SMITH"},{"data":"Malaise","floor":24,"key":"SMITH"},{"floor":32,"key":"REST"},{"floor":40,"key":"REST"}],"neow_cost":"TEN_PERCENT_HP_LOSS","seed_source_timestamp":192392813706458,"circlet_count":0,"master_deck":["AscendersBane","Defend_G","Defend_G","Defend_G","Defend_G","Defend_G","Strike_G","Strike_G","Strike_G","Strike_G","Survivor","Neutralize+1","Cloak And Dagger","Corpse Explosion+1","Dash","Well Laid Plans","Corpse Explosion+1","Deadly Poison","Acrobatics","Malaise+1","Deflect","Leg Sweep","Bullet Time","Cloak And Dagger","Blade Dance","Catalyst","Night Terror","Night Terror","PiercingWail","PiercingWail","Leg Sweep"],"relics":["Ring of the Snake","Ancient Tea Set","Art of War","Blood Vial","Strawberry","Runic Pyramid","Chemical X","Kunai","Vajra","Letter Opener","Black Star","Gambling Chip","Centennial Puzzle"],"potions_floor_usage":[6,18,30,30,36,36,39],"damage_taken":[{"damage":3,"enemies":"Small Slimes","floor":1,"turns":4},{"damage":0,"enemies":"Jaw Worm","floor":3,"turns":4},{"damage":0,"enemies":"2 Louse","floor":5,"turns":2},{"damage":34,"enemies":"Lagavulin","floor":6,"turns":9},{"damage":9,"enemies":"3 Sentries","floor":8,"turns":4},{"damage":0,"enemies":"Lagavulin","floor":13,"turns":6},{"damage":0,"enemies":"2 Fungi Beasts","floor":14,"turns":2},{"damage":8,"enemies":"The Guardian","floor":16,"turns":8},{"damage":14,"enemies":"2 Thieves","floor":18,"turns":2},{"damage":4,"enemies":"Chosen","floor":20,"turns":5},{"damage":4,"enemies":"Snake Plant","floor":23,"turns":6},{"damage":22,"enemies":"Slavers","floor":27,"turns":3},{"damage":3,"enemies":"Shelled Parasite and Fungi","floor":29,"turns":4},{"damage":23,"enemies":"Gremlin Leader","floor":30,"turns":9},{"damage":0,"enemies":"Centurion and Healer","floor":31,"turns":4},{"damage":6,"enemies":"Collector","floor":33,"turns":3},{"damage":0,"enemies":"3 Shapes","floor":35,"turns":3},{"damage":54,"enemies":"2 Orb Walkers","floor":36,"turns":5},{"damage":4,"enemies":"Orb Walker","floor":37,"turns":4},{"damage":0,"enemies":"Maw","floor":39,"turns":7},{"damage":33,"enemies":"Reptomancer","floor":41,"turns":5}],"seed_played":"-6994291367803398440","potions_obtained":[{"floor":13,"key":"Strength Potion"},{"floor":29,"key":"Energy Potion"},{"floor":30,"key":"Dexterity Potion"},{"floor":31,"key":"Block Potion"},{"floor":35,"key":"Energy Potion"},{"floor":36,"key":"SpeedPotion"}],"is_trial":false,"path_per_floor":["M","$","M","?","M","E","R","E","T","R","$","R","E","M","R","B",null,"M","?","M","?","$","M","R","$","T","E","?","M","E","M","R","B",null,"M","?","M","T","M","R","E"],"character_chosen":"THE_SILENT","items_purchased":["Corpse Explosion","Strength Potion","SkillPotion","Deadly Poison","Chemical X"],"campfire_rested":3,"item_purchase_floors":[2,2,2,11,22],"current_hp_per_floor":[56,56,56,56,56,22,40,31,31,31,31,31,40,42,42,36,59,47,47,45,45,45,43,43,43,43,23,23,22,1,3,23,19,55,57,5,3,3,5,25,0],"gold":353,"neow_bonus":"TWO_FIFTY_GOLD","is_prod":false,"is_daily":false,"chose_seed":false,"campfire_upgraded":4,"win_rate":0,"timestamp":1548016420,"path_taken":["M","$","M","?","M","E","R","E","T","R","?","R","E","M","R","BOSS","M","?","M","?","$","M","R","?","T","E","?","?","E","M","R","BOSS","M","?","M","?","M","R","E"],"build_version":"2019-01-19","purchased_purges":1,"victory":false,"max_hp_per_floor":[60,60,60,60,60,60,60,60,60,60,60,60,67,67,67,67,67,67,67,67,67,67,67,67,67,67,67,67,67,67,67,67,67,67,67,67,67,67,67,67,67],"card_choices":[{"not_picked":["Slice","Bane"],"picked":"Cloak And Dagger","floor":1},{"not_picked":["PiercingWail","Masterful Stab"],"picked":"Dash","floor":3},{"not_picked":["Acrobatics","Sucker Punch","Backflip"],"picked":"SKIP","floor":5},{"not_picked":["Underhanded Strike","Crippling Poison"],"picked":"Well Laid Plans","floor":6},{"not_picked":["Flying Knee","Bane"],"picked":"Corpse Explosion","floor":8},{"not_picked":["All Out Attack","Terror","Choke"],"picked":"SKIP","floor":13},{"not_picked":["Slice","Bouncing Flask"],"picked":"Acrobatics","floor":14},{"not_picked":["Phantasmal Killer","Unload"],"picked":"Malaise","floor":16},{"not_picked":["Underhanded Strike","Blade Dance"],"picked":"Deflect","floor":18},{"not_picked":["Acrobatics","Blade Dance","Underhanded Strike"],"picked":"SKIP","floor":20},{"not_picked":["Outmaneuver","Finisher"],"picked":"Bullet Time","floor":23},{"not_picked":["Poisoned Stab","Expertise"],"picked":"Cloak And Dagger","floor":27},{"not_picked":["Quick Slash","Dagger Throw"],"picked":"Blade Dance","floor":29},{"not_picked":["Deflect","Bouncing Flask"],"picked":"Catalyst","floor":30},{"not_picked":["Dagger Spray","Choke"],"picked":"Night Terror","floor":31},{"not_picked":["Bullet Time","Grand Finale"],"picked":"Night Terror","floor":33},{"not_picked":["Well Laid Plans","Dagger Throw","Cloak And Dagger+1"],"picked":"SKIP","floor":35},{"not_picked":["Terror","Riddle With Holes+1"],"picked":"PiercingWail","floor":36},{"not_picked":["All Out Attack+1","Blade Dance+1"],"picked":"PiercingWail","floor":37},{"not_picked":["Accuracy","Dagger Spray+1"],"picked":"Leg Sweep","floor":39}],"player_experience":4438704,"relics_obtained":[{"floor":6,"key":"Ancient Tea Set"},{"floor":8,"key":"Art of War"},{"floor":9,"key":"Blood Vial"},{"floor":13,"key":"Strawberry"},{"floor":26,"key":"Kunai"},{"floor":27,"key":"Vajra"},{"floor":30,"key":"Letter Opener"},{"floor":36,"key":"Gambling Chip"},{"floor":38,"key":"Centennial Puzzle"}],"event_choices":[{"damage_healed":0,"gold_gain":0,"player_choice":"Ignored","damage_taken":0,"max_hp_gain":0,"max_hp_loss":0,"event_name":"Liars Game","floor":4,"gold_loss":0},{"damage_healed":0,"gold_gain":0,"player_choice":"Ignored","damage_taken":0,"max_hp_gain":0,"max_hp_loss":0,"event_name":"The Mausoleum","floor":19,"gold_loss":0},{"damage_healed":0,"gold_gain":0,"player_choice":"Read","damage_taken":0,"max_hp_gain":0,"max_hp_loss":0,"event_name":"The Library","floor":21,"gold_loss":0,"cards_obtained":["Leg Sweep"]},{"damage_healed":0,"gold_gain":50,"player_choice":"Stole From Cult","damage_taken":0,"max_hp_gain":0,"max_hp_loss":0,"event_name":"Nest","floor":28,"gold_loss":0},{"damage_healed":0,"gold_gain":0,"player_choice":"Fight","damage_taken":0,"max_hp_gain":0,"max_hp_loss":0,"event_name":"Mysterious Sphere","floor":36,"gold_loss":0}],"is_beta":true,"boss_relics":[{"not_picked":["WristBlade","Coffee Dripper"],"picked":"Runic Pyramid"},{"not_picked":["Orrery","Calling Bell"],"picked":"Black Star"}],"items_purged_floors":[11],"is_endless":false,"potions_floor_spawned":[5,13,14,29,30,31,33,35,36],"killed_by":"Reptomancer","ascension_level":20}