{"gold_per_floor":[110,110,123,141,154,184,184,20,20,52,52,83,83,95,95,95],"floor_reached":16,"playtime":898,"items_purged":["Strike_R"],"score":240,"play_id":"4344a3a7-0058-4138-91f1-18e7496bcca0","local_time":"20190126140843","is_ascension_mode":true,"campfire_choices":[{"floor":7,"key":"REST"},{"floor":11,"key":"REST"},{"data":"1","floor":15,"key":"LIFT"}],"neow_cost":"NONE","seed_source_timestamp":275307778830114,"circlet_count":0,"master_deck":["AscendersBane","Strike_R","Strike_R","Strike_R","Strike_R","Defend_R","Defend_R","Defend_R","Defend_R","Bash","Armaments+1","Twin Strike","Anger","Iron Wave","Corruption","Inflame","Burning Pact","True Grit","Cleave"],"relics":["Burning Blood","Gremlin Horn","Paper Frog","Bag of Preparation","Girya"],"potions_floor_usage":[4,16,16],"damage_taken":[{"damage":9,"enemies":"2 Louse","floor":1,"turns":3},{"damage":1,"enemies":"Cultist","floor":3,"turns":3},{"damage":2,"enemies":"Jaw Worm","floor":4,"turns":3},{"damage":6,"enemies":"2 Fungi Beasts","floor":5,"turns":4},{"damage":58,"enemies":"Lagavulin","floor":6,"turns":8},{"damage":38,"enemies":"3 Sentries","floor":10,"turns":11},{"damage":7,"enemies":"Lagavulin","floor":12,"turns":7},{"damage":8,"enemies":"Exordium Thugs","floor":14,"turns":5},{"damage":43,"enemies":"Slime Boss","floor":16,"turns":7}],"seed_played":"9200251006079254061","potions_obtained":[{"floor":3,"key":"SkillPotion"},{"floor":6,"key":"Ancient Potion"},{"floor":14,"key":"Explosive Potion"}],"is_trial":false,"path_per_floor":["M","?","M","M","M","E","R","$","T","E","R","E","?","M","R","B"],"character_chosen":"IRONCLAD","items_purchased":["Inflame"],"campfire_rested":2,"item_purchase_floors":[8],"current_hp_per_floor":[65,65,70,74,74,22,44,44,44,12,34,33,33,31,31,0],"gold":95,"neow_bonus":"THREE_CARDS","is_prod":false,"is_daily":false,"chose_seed":false,"campfire_upgraded":0,"win_rate":0,"timestamp":1548540523,"path_taken":["M","?","M","M","?","E","R","?","T","E","R","E","?","M","R","BOSS"],"build_version":"2019-01-23","purchased_purges":1,"victory":false,"max_hp_per_floor":[75,75,75,75,75,75,75,75,75,75,75,75,75,75,75,75],"card_choices":[{"not_picked":["Rupture","Clash"],"picked":"Armaments","floor":0},{"not_picked":["Warcry","Ghostly Armor"],"picked":"Twin Strike","floor":1},{"not_picked":["Flex","Entrench","True Grit"],"picked":"SKIP","floor":3},{"not_picked":["Disarm","Evolve"],"picked":"Anger","floor":4},{"not_picked":["True Grit","Cleave"],"picked":"Iron Wave","floor":5},{"not_picked":["Infernal Blade","Clash"],"picked":"Corruption","floor":6},{"not_picked":["Havoc","Corruption"],"picked":"Burning Pact","floor":10},{"not_picked":["Brutality","Wild Strike"],"picked":"True Grit","floor":12},{"not_picked":["Armaments","Havoc"],"picked":"Cleave","floor":14}],"player_experience":4529381,"relics_obtained":[{"floor":6,"key":"Gremlin Horn"},{"floor":9,"key":"Paper Frog"},{"floor":10,"key":"Bag of Preparation"},{"floor":12,"key":"Girya"}],"event_choices":[{"damage_healed":0,"gold_gain":0,"player_choice":"0 cards matched","damage_taken":0,"max_hp_gain":0,"max_hp_loss":0,"event_name":"Match and Keep!","floor":2,"gold_loss":0,"cards_obtained":[]},{"damage_healed":0,"gold_gain":0,"player_choice":"Grow","damage_taken":0,"max_hp_gain":0,"max_hp_loss":0,"event_name":"Living Wall","floor":13,"gold_loss":0,"cards_upgraded":["Armaments"]}],"is_beta":true,"boss_relics":[],"items_purged_floors":[8],"is_endless":false,"potions_floor_spawned":[3,6,14],"killed_by":"Slime Boss","ascension_level":20}