{"gold_per_floor":[110,110,123,142,159,194,194,225,300,300,68,68,13,25,25,103,103,113,163,6,6,21,354,354,388,388,414,425,425,456,456,456,531,531,542,542,560,139,139,171,171,202,228,253,263,283,383,408,408,408,408,408,408,45,72,72],"floor_reached":56,"playtime":4759,"items_purged":["Pain","Strike_R"],"score":2423,"play_id":"6fc361ba-ff20-453c-82d8-5b341340ed39","local_time":"20190122142951","is_ascension_mode":true,"campfire_choices":[{"floor":7,"key":"REST"},{"floor":12,"key":"DIG"},{"floor":15,"key":"DIG"},{"floor":24,"key":"REST"},{"data":"1","floor":29,"key":"LIFT"},{"data":"2","floor":32,"key":"LIFT"},{"data":"3","floor":41,"key":"LIFT"},{"floor":49,"key":"RECALL"},{"floor":53,"key":"DIG"}],"neow_cost":"NONE","seed_source_timestamp":370423960049315,"circlet_count":0,"master_deck":["AscendersBane","Strike_R+1","Defend_R+1","Defend_R+1","Defend_R+1","Defend_R+1","Bash","Uppercut","Corruption","Anger","Inflame","Battle Trance","Offering","Twin Strike","Immolate","Shrug It Off","Battle Trance","Dark Embrace","Whirlwind+1","Seeing Red","Dual Wield","Impervious","Infernal Blade+1","Reckless Charge+1","Second Wind+1","Body Slam+1","Dropkick","Impervious","Flash of Steel","Impervious","Clothesline+1","Demon Form","Flash of Steel","Uppercut"],"relics":["Burning Blood","Anchor","WarpedTongs","Mummified Hand","Shovel","Gremlin Horn","Blood Vial","Sundial","Runic Pyramid","Old Coin","Girya","Singing Bowl","Bag of Preparation","Vajra","Astrolabe","OrangePellets","Regal Pillow","Shuriken","Question Card","Prayer Wheel","Kunai","Letter Opener","Ornamental Fan"],"potions_floor_usage":[6,16,16,25,27,54,56,56],"damage_taken":[{"damage":5,"enemies":"Small Slimes","floor":1,"turns":4},{"damage":2,"enemies":"Cultist","floor":3,"turns":3},{"damage":1,"enemies":"2 Louse","floor":4,"turns":3},{"damage":24,"enemies":"Exordium Thugs","floor":5,"turns":4},{"damage":28,"enemies":"3 Sentries","floor":6,"turns":7},{"damage":48,"enemies":"Gremlin Nob","floor":8,"turns":5},{"damage":0,"enemies":"Large Slime","floor":14,"turns":5},{"damage":10,"enemies":"Hexaghost","floor":16,"turns":7},{"damage":6,"enemies":"Spheric Guardian","floor":18,"turns":3},{"damage":13,"enemies":"2 Thieves","floor":22,"turns":2},{"damage":27,"enemies":"Slavers","floor":23,"turns":4},{"damage":8,"enemies":"Gremlin Leader","floor":25,"turns":3},{"damage":7,"enemies":"Slavers","floor":27,"turns":4},{"damage":6,"enemies":"Chosen and Byrds","floor":28,"turns":2},{"damage":2,"enemies":"Gremlin Leader","floor":30,"turns":3},{"damage":6,"enemies":"Collector","floor":33,"turns":4},{"damage":0,"enemies":"3 Shapes","floor":35,"turns":2},{"damage":6,"enemies":"3 Darklings","floor":37,"turns":1},{"damage":0,"enemies":"Reptomancer","floor":40,"turns":3},{"damage":6,"enemies":"Nemesis","floor":42,"turns":3},{"damage":6,"enemies":"Giant Head","floor":44,"turns":4},{"damage":8,"enemies":"Writhing Mass","floor":45,"turns":5},{"damage":6,"enemies":"4 Shapes","floor":46,"turns":2},{"damage":0,"enemies":"Mind Bloom Boss Battle","floor":47,"turns":2},{"damage":0,"enemies":"Nemesis","floor":48,"turns":3},{"damage":13,"enemies":"Awakened One","floor":50,"turns":10},{"damage":23,"enemies":"Donu and Deca","floor":51,"turns":4},{"damage":9,"enemies":"Shield and Spear","floor":55,"turns":4},{"damage":93,"enemies":"The Heart","floor":56,"turns":6}],"seed_played":"4885408314220304108","potions_obtained":[{"floor":3,"key":"AttackPotion"},{"floor":8,"key":"Ancient Potion"},{"floor":18,"key":"Strength Potion"},{"floor":23,"key":"SteroidPotion"},{"floor":25,"key":"Explosive Potion"},{"floor":30,"key":"Poison Potion"},{"floor":35,"key":"Block Potion"},{"floor":46,"key":"Fruit Juice"}],"is_trial":false,"path_per_floor":["?","M","?","$","?","$","?","?","?","?","?"],"character_chosen":"IRONCLAD","items_purchased":["Offering","SpeedPotion","Fire Potion","Dropkick","OrangePellets","Impervious","LiquidBronze","Demon Form","Flash of Steel"],"campfire_rested":2,"item_purchase_floors":[11,13,20,38,38,38,54,54,54],"current_hp_per_floor":[69,69,73,75,57,35,57,15,15,15,15,15,15,23,23,21,62,64,64,64,64,59,40,62,62,62,63,65,65,73,73,73,75,77,77,73,75,75,69,79,79,83,83,83,83,87,89,89,89,82,67,84,84,89,88,0],"gold":72,"neow_bonus":"RANDOM_COMMON_RELIC","is_prod":false,"is_daily":false,"chose_seed":false,"campfire_upgraded":0,"win_rate":0,"timestamp":1548196191,"path_taken":["M","?","?","M","M","E","R","E","T","?","$","R","?","M","R","BOSS","M","?","?","?","M","E","R","E","T","E","M","R","E","?","R","BOSS","M","?","M","$","?","E","R","E","T","E","M","M","?","E","R","BOSS","BOSS","R","$","E","BOSS"],"build_version":"2019-01-20","purchased_purges":2,"victory":false,"max_hp_per_floor":[75,75,75,75,75,75,75,75,75,75,75,75,75,75,75,75,75,75,75,75,75,75,75,75,75,75,75,75,75,77,77,77,77,77,77,73,75,75,79,81,81,83,83,83,85,87,89,89,89,89,89,89,89,94,94,94],"card_choices":[{"not_picked":["True Grit","Heavy Blade"],"picked":"Uppercut","floor":1},{"not_picked":["Thunderclap","Sever Soul"],"picked":"Corruption","floor":3},{"not_picked":["Twin Strike","Dark Embrace"],"picked":"Anger","floor":4},{"not_picked":["Headbutt","Cleave"],"picked":"Inflame","floor":5},{"not_picked":["Bloodletting","Inflame","Cleave"],"picked":"SKIP","floor":6},{"not_picked":["Clothesline","Wild Strike"],"picked":"Battle Trance","floor":8},{"not_picked":["Combust","Burning Pact"],"picked":"Twin Strike","floor":14},{"not_picked":["Offering","Barricade"],"picked":"Immolate","floor":16},{"not_picked":["Heavy Blade","Anger"],"picked":"Shrug It Off","floor":18},{"not_picked":["Headbutt","Body Slam"],"picked":"Battle Trance","floor":22},{"not_picked":["Armaments","Inflame"],"picked":"Dark Embrace","floor":23},{"not_picked":["Wild Strike","True Grit"],"picked":"Whirlwind+1","floor":25},{"not_picked":["Headbutt","Pommel Strike"],"picked":"Seeing Red","floor":27},{"not_picked":["Entrench","Heavy Blade"],"picked":"Dual Wield","floor":28},{"not_picked":["Havoc","Bludgeon","Headbutt"],"picked":"Singing Bowl","floor":30},{"not_picked":["Immolate","Exhume"],"picked":"Impervious","floor":33},{"not_picked":["Wild Strike+1","Shrug It Off"],"picked":"Body Slam+1","floor":35},{"not_picked":["Wild Strike","Reckless Charge+1","Anger"],"picked":"Singing Bowl","floor":37},{"not_picked":["Jack Of All Trades","Swift Strike","Mind Blast"],"picked":"Singing Bowl","floor":39},{"not_picked":["Dramatic Entrance","Chrysalis","Swift Strike"],"picked":"Singing Bowl","floor":39},{"not_picked":["Bandage Up","Mind Blast"],"picked":"Flash of Steel","floor":39},{"not_picked":["Immolate","Headbutt","Thunderclap+1"],"picked":"Singing Bowl","floor":40},{"not_picked":["Pummel","True Grit","Cleave"],"picked":"Singing Bowl","floor":42},{"not_picked":["Warcry+1","Rampage+1"],"picked":"Impervious","floor":44},{"not_picked":["Hemokinesis","Warcry","Thunderclap","Flex"],"picked":"Singing Bowl","floor":45},{"not_picked":["Thunderclap","Searing Blow","Clash+1","Headbutt+1"],"picked":"Singing Bowl","floor":46},{"not_picked":["Armaments","Heavy Blade","Body Slam","Havoc"],"picked":"Singing Bowl","floor":47},{"not_picked":["True Grit+1","Battle Trance+1","Combust"],"picked":"Clothesline+1","floor":48},{"not_picked":["Flex","Power Through+1","Battle Trance"],"picked":"Uppercut","floor":55}],"player_experience":4455905,"relics_obtained":[{"floor":6,"key":"Mummified Hand"},{"floor":8,"key":"Shovel"},{"floor":9,"key":"Gremlin Horn"},{"floor":12,"key":"Blood Vial"},{"floor":15,"key":"Sundial"},{"floor":23,"key":"Old Coin"},{"floor":25,"key":"Girya"},{"floor":26,"key":"Singing Bowl"},{"floor":27,"key":"Bag of Preparation"},{"floor":30,"key":"Vajra"},{"floor":40,"key":"Regal Pillow"},{"floor":42,"key":"Shuriken"},{"floor":44,"key":"Question Card"},{"floor":47,"key":"Prayer Wheel"},{"floor":48,"key":"Kunai"},{"floor":53,"key":"Letter Opener"},{"floor":55,"key":"Ornamental Fan"}],"event_choices":[{"damage_healed":0,"gold_gain":0,"player_choice":"Rummage","damage_taken":0,"relics_obtained":["WarpedTongs"],"max_hp_gain":0,"max_hp_loss":0,"event_name":"Accursed Blacksmith","floor":2,"gold_loss":0,"cards_obtained":["Pain"]},{"damage_healed":0,"gold_gain":0,"player_choice":"Ignored","damage_taken":0,"max_hp_gain":0,"max_hp_loss":0,"event_name":"Shining Light","floor":10,"gold_loss":0},{"damage_healed":0,"gold_gain":50,"player_choice":"Pray","damage_taken":0,"max_hp_gain":0,"max_hp_loss":0,"event_name":"Golden Shrine","floor":19,"gold_loss":0},{"damage_healed":0,"gold_gain":0,"player_choice":"Ignored","damage_taken":0,"max_hp_gain":0,"max_hp_loss":0,"event_name":"The Mausoleum","floor":21,"gold_loss":0},{"damage_healed":0,"gold_gain":0,"player_choice":"Simplicity","damage_taken":0,"max_hp_gain":0,"max_hp_loss":0,"event_name":"Back to Basics","floor":31,"gold_loss":0,"cards_upgraded":["Strike_R","Strike_R","Strike_R","Strike_R","Defend_R","Defend_R","Defend_R","Defend_R"]},{"damage_healed":0,"gold_gain":0,"player_choice":"Max HP","damage_taken":0,"max_hp_gain":0,"max_hp_loss":4,"event_name":"Winding Halls","floor":36,"gold_loss":0},{"damage_healed":0,"gold_gain":0,"player_choice":"Memory 3","damage_taken":10,"max_hp_gain":0,"max_hp_loss":0,"event_name":"SensoryStone","floor":39,"gold_loss":0},{"damage_healed":0,"gold_gain":0,"player_choice":"Fight","damage_taken":0,"max_hp_gain":0,"max_hp_loss":0,"event_name":"MindBloom","floor":47,"gold_loss":0}],"is_beta":true,"boss_relics":[{"not_picked":["Black Star","Sozu"],"picked":"Runic Pyramid"},{"not_picked":["Tiny House","Lizard Tail"],"picked":"Astrolabe"}],"items_purged_floors":[11,20],"is_endless":false,"potions_floor_spawned":[3,8,18,23,25,30,35,44,45,46],"killed_by":"The Heart","ascension_level":20}