{"gold_per_floor":[210,485,497,516,441,473,520,520,545,26,26,58,77,110,110,186,186,196,196,207,107,120,120,148,165,165,175,206,206,238,249,249,323,323,340,340,350,282,282,309,209,221,221,233,261,261,273,305,305,305,305,305,305,35,69,69],"floor_reached":57,"playtime":5943,"items_purged":["Strike_G","Strike_G","Strike_G+1"],"score":3090,"play_id":"8f845f7f-5765-4dee-a503-6b1863f9f6b1","local_time":"20190124124646","is_ascension_mode":true,"campfire_choices":[{"data":"Bouncing Flask","floor":8,"key":"SMITH"},{"data":"Wraith Form v2","floor":11,"key":"SMITH"},{"data":"Deadly Poison","floor":15,"key":"SMITH"},{"floor":23,"key":"REST"},{"floor":29,"key":"REST"},{"floor":32,"key":"REST"},{"floor":46,"key":"RECALL"},{"data":"Noxious Fumes","floor":49,"key":"SMITH"},{"data":"Caltrops","floor":53,"key":"SMITH"}],"neow_cost":"NONE","seed_source_timestamp":92490428543094,"circlet_count":0,"master_deck":["AscendersBane","Defend_G","Defend_G","Defend_G","Defend_G","Defend_G","Survivor","Neutralize+1","Bouncing Flask+1","Poisoned Stab","Wraith Form v2+1","Backflip","Well Laid Plans","Deadly Poison+1","Caltrops+1","Calculated Gamble","After Image","Concentrate","Distraction","Acrobatics","Backflip","Deadly Poison","Choke","Crippling Poison","Noxious Fumes+1","Night Terror","PiercingWail","Well Laid Plans","Bullet Time"],"relics":["Ring of the Snake","Whetstone","Orichalcum","ClockworkSouvenir","Pear","Happy Flower","Snecko Eye","Ancient Tea Set","The Courier","Dodecahedron","Gambling Chip","Black Star","Singing Bowl","Matryoshka","Bag of Marbles","Blue Candle","Pantograph","Letter Opener","Bag of Preparation","Dead Branch","Mango","Pen Nib","The Specimen"],"potions_floor_usage":[6,12,24,56],"damage_taken":[{"damage":8,"enemies":"Small Slimes","floor":1,"turns":5},{"damage":0,"enemies":"Cultist","floor":3,"turns":4},{"damage":4,"enemies":"2 Louse","floor":4,"turns":3},{"damage":14,"enemies":"Lagavulin","floor":6,"turns":7},{"damage":12,"enemies":"Gremlin Nob","floor":12,"turns":4},{"damage":0,"enemies":"Exordium Wildlife","floor":13,"turns":4},{"damage":9,"enemies":"Lagavulin","floor":14,"turns":6},{"damage":19,"enemies":"Hexaghost","floor":16,"turns":8},{"damage":0,"enemies":"2 Thieves","floor":18,"turns":4},{"damage":3,"enemies":"Shell Parasite","floor":20,"turns":6},{"damage":15,"enemies":"Sentry and Sphere","floor":22,"turns":7},{"damage":31,"enemies":"Slavers","floor":24,"turns":7},{"damage":12,"enemies":"Snake Plant","floor":25,"turns":4},{"damage":0,"enemies":"Snecko","floor":27,"turns":4},{"damage":0,"enemies":"Book of Stabbing","floor":28,"turns":4},{"damage":28,"enemies":"Slavers","floor":30,"turns":7},{"damage":0,"enemies":"Centurion and Healer","floor":31,"turns":5},{"damage":18,"enemies":"Champ","floor":33,"turns":9},{"damage":0,"enemies":"3 Shapes","floor":35,"turns":5},{"damage":0,"enemies":"Orb Walker","floor":37,"turns":3},{"damage":1,"enemies":"Reptomancer","floor":40,"turns":8},{"damage":0,"enemies":"Sphere and 2 Shapes","floor":42,"turns":6},{"damage":0,"enemies":"Spire Growth","floor":44,"turns":6},{"damage":15,"enemies":"Nemesis","floor":45,"turns":9},{"damage":0,"enemies":"3 Darklings","floor":47,"turns":4},{"damage":0,"enemies":"Reptomancer","floor":48,"turns":5},{"damage":1,"enemies":"Awakened One","floor":50,"turns":13},{"damage":0,"enemies":"Time Eater","floor":51,"turns":10},{"damage":0,"enemies":"Shield and Spear","floor":55,"turns":7},{"damage":23,"enemies":"The Heart","floor":56,"turns":10}],"seed_played":"-6330341346293932447","potions_obtained":[{"floor":1,"key":"PowerPotion"},{"floor":6,"key":"Fire Potion"},{"floor":16,"key":"Explosive Potion"},{"floor":18,"key":"GhostInAJar"},{"floor":28,"key":"FearPotion"},{"floor":31,"key":"Fire Potion"},{"floor":33,"key":"PowerPotion"}],"is_trial":false,"path_per_floor":["M","?","M","M","?","E","T","R","T","$","R","E","M","E","R","B",null,"M","?","M","$","M","R","E","M","T","M","E","R","E","M","R","B",null,"M","?","M","$","?","E","$","M","T","M","E","R","M","E","R","B","B",null,"R","$","E","B",null],"character_chosen":"THE_SILENT","items_purchased":["Well Laid Plans","ClockworkSouvenir","Regen Potion","Deadly Poison","Well Laid Plans","Mango"],"campfire_rested":3,"item_purchase_floors":[10,10,10,10,38,54],"current_hp_per_floor":[51,51,51,47,47,33,33,33,33,33,33,45,45,36,36,17,61,61,61,58,58,43,65,34,22,22,22,22,44,16,16,38,20,62,62,62,62,62,62,61,61,63,63,65,52,52,54,56,56,80,82,82,82,96,98,75],"gold":69,"neow_bonus":"HUNDRED_GOLD","is_prod":false,"is_daily":false,"chose_seed":false,"campfire_upgraded":5,"win_rate":0,"timestamp":1548362806,"path_taken":["M","?","?","M","?","E","?","R","T","$","R","E","M","E","R","BOSS","M","?","M","?","M","R","E","?","T","M","E","R","E","M","R","BOSS","M","?","M","$","?","E","$","M","T","M","E","R","M","E","R","BOSS","BOSS","R","$","E","BOSS"],"build_version":"2019-01-23","purchased_purges":3,"victory":true,"max_hp_per_floor":[66,66,66,66,66,66,66,66,66,66,66,76,76,76,76,76,76,76,76,76,76,76,76,76,76,76,76,76,76,76,76,76,76,76,76,72,72,72,72,72,72,74,74,76,78,78,80,82,82,82,82,82,82,96,98,98],"card_choices":[{"not_picked":["Blade Dance","Cloak And Dagger"],"picked":"Bouncing Flask","floor":1},{"not_picked":["Dagger Throw","PiercingWail"],"picked":"Poisoned Stab","floor":3},{"not_picked":["Concentrate","Accuracy"],"picked":"Wraith Form v2","floor":4},{"not_picked":["Blade Dance","Dodge and Roll"],"picked":"Backflip","floor":6},{"not_picked":["Expertise","Underhanded Strike"],"picked":"Caltrops","floor":12},{"not_picked":["Prepared","Cloak And Dagger","Underhanded Strike"],"picked":"SKIP","floor":13},{"not_picked":["Underhanded Strike","Blur"],"picked":"Calculated Gamble","floor":14},{"not_picked":["Glass Knife","Doppelganger"],"picked":"After Image","floor":16},{"not_picked":["Deadly Poison","Dagger Spray+1","Footwork"],"picked":"SKIP","floor":18},{"not_picked":["Prepared","Caltrops"],"picked":"Acrobatics","floor":20},{"not_picked":["Prepared","Dodge and Roll+1"],"picked":"Backflip","floor":22},{"not_picked":["Acrobatics","Caltrops","Riddle With Holes"],"picked":"SKIP","floor":24},{"not_picked":["Poisoned Stab","Flechettes"],"picked":"Deadly Poison","floor":25},{"not_picked":["Eviscerate","Finisher"],"picked":"Choke","floor":27},{"not_picked":["Expertise","Flying Knee","Deadly Poison"],"picked":"SKIP","floor":28},{"not_picked":["Backflip","Slice"],"picked":"Crippling Poison","floor":30},{"not_picked":["Prepared","Die Die Die"],"picked":"Noxious Fumes","floor":31},{"not_picked":["After Image","Storm of Steel"],"picked":"Night Terror","floor":33},{"not_picked":["Backflip+1","Finisher"],"picked":"PiercingWail","floor":35},{"not_picked":["Deadly Poison","Footwork","Underhanded Strike"],"picked":"SKIP","floor":37},{"not_picked":["Well Laid Plans+1","Concentrate"],"picked":"Bullet Time","floor":40},{"not_picked":["Choke","Backflip","Bane"],"picked":"Singing Bowl","floor":42},{"not_picked":["Poisoned Stab","Calculated Gamble+1","Blur"],"picked":"Singing Bowl","floor":44},{"not_picked":["Cloak And Dagger","Crippling Poison","Bane"],"picked":"Singing Bowl","floor":45},{"not_picked":["Deflect","Concentrate+1","Heel Hook+1"],"picked":"Singing Bowl","floor":47},{"not_picked":["Phantasmal Killer","Expertise","Dodge and Roll+1"],"picked":"Singing Bowl","floor":48},{"not_picked":["Underhanded Strike+1","Flying Knee+1","Dodge and Roll"],"picked":"Singing Bowl","floor":55}],"player_experience":4483621,"relics_obtained":[{"floor":6,"key":"Whetstone"},{"floor":7,"key":"Orichalcum"},{"floor":12,"key":"Pear"},{"floor":14,"key":"Happy Flower"},{"floor":24,"key":"Ancient Tea Set"},{"floor":26,"key":"The Courier"},{"floor":28,"key":"Dodecahedron"},{"floor":30,"key":"Gambling Chip"},{"floor":40,"key":"Singing Bowl"},{"floor":40,"key":"Matryoshka"},{"floor":43,"key":"Bag of Marbles"},{"floor":43,"key":"Blue Candle"},{"floor":45,"key":"Pantograph"},{"floor":45,"key":"Letter Opener"},{"floor":48,"key":"Bag of Preparation"},{"floor":48,"key":"Dead Branch"},{"floor":55,"key":"Pen Nib"},{"floor":55,"key":"The Specimen"}],"event_choices":[{"damage_healed":0,"gold_gain":275,"player_choice":"Desecrate","damage_taken":0,"max_hp_gain":0,"max_hp_loss":0,"event_name":"Golden Shrine","floor":2,"gold_loss":0,"cards_obtained":["Regret"]},{"cards_removed":["Regret"],"damage_healed":0,"gold_gain":0,"player_choice":"Card Removal","damage_taken":0,"max_hp_gain":0,"max_hp_loss":0,"event_name":"The Cleric","floor":5,"gold_loss":75},{"damage_healed":0,"gold_gain":0,"cards_transformed":["Strike_G","Strike_G"],"player_choice":"Became Test Subject","damage_taken":0,"max_hp_gain":0,"max_hp_loss":0,"event_name":"Drug Dealer","floor":19,"gold_loss":0,"cards_obtained":["Concentrate","Distraction"]},{"damage_healed":0,"gold_gain":0,"player_choice":"Max HP","damage_taken":0,"max_hp_gain":0,"max_hp_loss":4,"event_name":"Winding Halls","floor":36,"gold_loss":0},{"damage_healed":0,"gold_gain":0,"player_choice":"Ignored","damage_taken":0,"max_hp_gain":0,"max_hp_loss":0,"event_name":"Tomb of Lord Red Mask","floor":39,"gold_loss":0}],"is_beta":true,"boss_relics":[{"not_picked":["Eternal Feather","Sozu"],"picked":"Snecko Eye"},{"not_picked":["Lizard Tail","Orrery"],"picked":"Black Star"}],"items_purged_floors":[10,21,41],"is_endless":false,"potions_floor_spawned":[1,6,16,18,22,28,31,33,42,44,45,48],"ascension_level":20}