{"gold_per_floor":[111,186,206,206,216,216,241,5,75,95,95,126,146,203,203,277,277,288,178,190,15,35,66,66,100,100,113,141,141,141,16,16,89,89,101,101,117,117,130,130,130,162,162,176,201,201,220,238,238,238,238,238,238,16,41,41],"floor_reached":57,"playtime":3734,"items_purged":["Strike_R","Strike_R","Strike_R"],"score":2910,"play_id":"b2386bc6-f5a8-49bb-907a-73c1d6c39436","local_time":"20190128152905","is_ascension_mode":true,"campfire_choices":[{"data":"Bash","floor":6,"key":"SMITH"},{"floor":11,"key":"REST"},{"data":"Combust","floor":15,"key":"SMITH"},{"data":"Heavy Blade","floor":24,"key":"SMITH"},{"floor":32,"key":"REST"},{"data":"Limit Break","floor":40,"key":"SMITH"},{"floor":46,"key":"RECALL"},{"data":"Disarm","floor":49,"key":"SMITH"},{"data":"Disarm","floor":53,"key":"SMITH"}],"neow_cost":"TEN_PERCENT_HP_LOSS","seed_source_timestamp":450067849980972,"circlet_count":0,"master_deck":["AscendersBane","Defend_R","Defend_R","Defend_R+1","Bash+1","Sword Boomerang","Spot Weakness","True Grit+1","Battle Trance","Feed","Whirlwind","Combust+1","Uppercut","Flame Barrier+1","Limit Break+1","Heavy Blade+1","Shockwave","Disarm+1","Bludgeon","Reaper","Shockwave","Corruption","Disarm+1","Feel No Pain+1","Burning Pact+1","Bludgeon","Offering"],"relics":["Burning Blood","Anchor","Shuriken","PreservedInsect","Vajra","Snecko Eye","War Paint","Orichalcum","Ornamental Fan","Pocketwatch","Enchiridion","Omamori","Cursed Key","Darkstone Periapt","Paper Frog","Letter Opener","Pear"],"potions_floor_usage":[7,14,16,23,56,56],"damage_taken":[{"damage":2,"enemies":"Cultist","floor":1,"turns":4},{"damage":7,"enemies":"2 Louse","floor":3,"turns":3},{"damage":7,"enemies":"Jaw Worm","floor":5,"turns":3},{"damage":57,"enemies":"Lagavulin","floor":7,"turns":9},{"damage":6,"enemies":"3 Louse","floor":10,"turns":3},{"damage":10,"enemies":"3 Sentries","floor":12,"turns":5},{"damage":2,"enemies":"Lots of Slimes","floor":13,"turns":2},{"damage":0,"enemies":"Gremlin Nob","floor":14,"turns":2},{"damage":4,"enemies":"Slime Boss","floor":16,"turns":5},{"damage":0,"enemies":"Chosen","floor":18,"turns":2},{"damage":15,"enemies":"Shell Parasite","floor":20,"turns":4},{"damage":19,"enemies":"Chosen and Byrds","floor":22,"turns":6},{"damage":21,"enemies":"Book of Stabbing","floor":23,"turns":4},{"damage":0,"enemies":"Gremlin Leader","floor":25,"turns":3},{"damage":8,"enemies":"Shelled Parasite and Fungi","floor":27,"turns":4},{"damage":12,"enemies":"Book of Stabbing","floor":28,"turns":4},{"damage":12,"enemies":"Collector","floor":33,"turns":5},{"damage":0,"enemies":"3 Shapes","floor":35,"turns":4},{"damage":0,"enemies":"Orb Walker","floor":37,"turns":2},{"damage":12,"enemies":"Transient","floor":39,"turns":6},{"damage":39,"enemies":"Giant Head","floor":42,"turns":6},{"damage":7,"enemies":"4 Shapes","floor":44,"turns":4},{"damage":42,"enemies":"Reptomancer","floor":45,"turns":5},{"damage":0,"enemies":"Writhing Mass","floor":47,"turns":5},{"damage":21,"enemies":"Jaw Worm Horde","floor":48,"turns":5},{"damage":58,"enemies":"Awakened One","floor":50,"turns":14},{"damage":60,"enemies":"Time Eater","floor":51,"turns":15},{"damage":25,"enemies":"Shield and Spear","floor":55,"turns":6},{"damage":83,"enemies":"The Heart","floor":56,"turns":7}],"seed_played":"6424177294692450042","potions_obtained":[{"floor":1,"key":"BloodPotion"},{"floor":7,"key":"Explosive Potion"},{"floor":10,"key":"SmokeBomb"},{"floor":14,"key":"Regen Potion"},{"floor":18,"key":"SteroidPotion"},{"floor":20,"key":"SkillPotion"},{"floor":33,"key":"Weak Potion"},{"floor":37,"key":"SkillPotion"},{"floor":39,"key":"BloodPotion"}],"is_trial":false,"path_per_floor":["M","?","M","?","M","R","E","$","T","M","R","E","M","?","R","B",null,"M","?","M","$","M","E","R","E","T","M","E","?","?","$","R","B",null,"M","T","M","$","M","R","$","E","T","M","E","R","M","M","R","B","B",null,"R","$","E","B",null],"character_chosen":"IRONCLAD","items_purchased":["Feed","Whirlwind","Shockwave","Bludgeon","Strength Potion"],"campfire_rested":2,"item_purchase_floors":[8,8,21,54,54],"current_hp_per_floor":[68,57,56,56,55,55,10,10,10,13,34,33,40,49,49,68,79,83,83,77,77,64,49,49,58,58,59,53,32,32,32,59,53,82,95,95,98,98,98,98,98,98,98,100,67,67,107,110,110,105,116,116,116,116,126,126],"gold":41,"neow_bonus":"REMOVE_TWO","is_prod":false,"is_daily":false,"chose_seed":false,"campfire_upgraded":6,"win_rate":0,"timestamp":1548718145,"path_taken":["M","?","M","?","M","R","E","$","T","M","R","E","M","?","R","BOSS","M","?","?","?","M","E","R","E","T","?","E","?","?","$","R","BOSS","M","?","M","?","?","R","?","E","T","M","E","R","M","M","R","BOSS","BOSS","R","$","E","BOSS"],"build_version":"2019-01-23","purchased_purges":3,"victory":true,"max_hp_per_floor":[68,68,68,68,68,68,68,68,68,71,71,74,77,80,80,83,83,83,83,86,86,86,86,86,89,89,92,92,92,92,92,92,92,92,95,95,98,98,98,98,98,98,98,101,104,104,107,110,110,113,116,116,116,116,126,126],"card_choices":[{"not_picked":["Body Slam","Wild Strike"],"picked":"Sword Boomerang","floor":1},{"not_picked":["Rupture","Cleave"],"picked":"Spot Weakness","floor":3},{"not_picked":["Wild Strike","Bloodletting"],"picked":"True Grit","floor":5},{"not_picked":["Searing Blow","Perfected Strike"],"picked":"Battle Trance","floor":7},{"not_picked":["Whirlwind","Blood for Blood","Warcry"],"picked":"SKIP","floor":10},{"not_picked":["Fire Breathing","Berserk"],"picked":"Combust","floor":12},{"not_picked":["Iron Wave","Anger"],"picked":"Uppercut","floor":13},{"not_picked":["Burning Pact","Rage"],"picked":"Flame Barrier","floor":14},{"not_picked":["Demon Form","Berserk"],"picked":"Limit Break","floor":16},{"not_picked":["Headbutt","Blood for Blood"],"picked":"Heavy Blade","floor":18},{"not_picked":["Headbutt","Sword Boomerang","Warcry"],"picked":"SKIP","floor":20},{"not_picked":["Perfected Strike","Second Wind","Havoc"],"picked":"SKIP","floor":22},{"not_picked":["Twin Strike","Heavy Blade","Havoc"],"picked":"SKIP","floor":23},{"not_picked":["Headbutt+1","Power Through","Wild Strike"],"picked":"SKIP","floor":25},{"not_picked":["Perfected Strike+1","Burning Pact"],"picked":"Disarm","floor":27},{"not_picked":["Flex","Sword Boomerang"],"picked":"Bludgeon","floor":28},{"not_picked":["Demon Form","Immolate"],"picked":"Reaper","floor":33},{"not_picked":["Ghostly Armor","Warcry","Twin Strike+1"],"picked":"SKIP","floor":35},{"not_picked":["Sword Boomerang","Anger+1","Cleave"],"picked":"SKIP","floor":37},{"not_picked":["Body Slam","Shrug It Off"],"picked":"Shockwave","floor":39},{"not_picked":["Pommel Strike","Uppercut"],"picked":"Corruption","floor":42},{"not_picked":["Body Slam","Warcry"],"picked":"Disarm","floor":44},{"not_picked":["Twin Strike","True Grit"],"picked":"Feel No Pain+1","floor":45},{"not_picked":["Dropkick","Perfected Strike"],"picked":"Burning Pact+1","floor":47},{"not_picked":["Whirlwind","Blood for Blood","Searing Blow"],"picked":"SKIP","floor":48},{"not_picked":["Thunderclap","Searing Blow"],"picked":"Offering","floor":55}],"player_experience":4560219,"relics_obtained":[{"floor":7,"key":"Anchor"},{"floor":9,"key":"Shuriken"},{"floor":12,"key":"PreservedInsect"},{"floor":23,"key":"War Paint"},{"floor":25,"key":"Orichalcum"},{"floor":26,"key":"Ornamental Fan"},{"floor":28,"key":"Pocketwatch"},{"floor":29,"key":"Enchiridion"},{"floor":42,"key":"Darkstone Periapt"},{"floor":43,"key":"Paper Frog"},{"floor":45,"key":"Letter Opener"},{"floor":55,"key":"Pear"}],"event_choices":[{"damage_healed":0,"gold_gain":75,"player_choice":"Gather Gold","damage_taken":11,"max_hp_gain":0,"max_hp_loss":0,"event_name":"World of Goop","floor":2,"gold_loss":0},{"damage_healed":0,"gold_gain":0,"player_choice":"Ignored","damage_taken":0,"max_hp_gain":0,"max_hp_loss":0,"event_name":"Liars Game","floor":4,"gold_loss":0},{"damage_healed":0,"gold_gain":0,"player_choice":"Searched \u00272\u0027 times","damage_taken":0,"relics_obtained":["Vajra"],"max_hp_gain":0,"max_hp_loss":0,"event_name":"Dead Adventurer","floor":14,"gold_loss":0},{"cards_removed":["Strike_R"],"damage_healed":0,"gold_gain":0,"player_choice":"Upgrade and Remove","damage_taken":0,"max_hp_gain":0,"max_hp_loss":0,"event_name":"Designer","floor":19,"gold_loss":110,"cards_upgraded":["True Grit"]},{"damage_healed":0,"gold_gain":0,"player_choice":"Obtained Book","damage_taken":21,"max_hp_gain":0,"max_hp_loss":0,"event_name":"Cursed Tome","floor":29,"gold_loss":0},{"damage_healed":0,"gold_gain":0,"player_choice":"Gave Potion","damage_taken":0,"relics_obtained":["Omamori"],"max_hp_gain":0,"max_hp_loss":0,"event_name":"WeMeetAgain","floor":30,"gold_loss":0}],"is_beta":true,"boss_relics":[{"not_picked":["Fusion Hammer","Astrolabe"],"picked":"Snecko Eye"},{"not_picked":["Black Blood","Runic Pyramid"],"picked":"Cursed Key"}],"items_purged_floors":[8,21,31],"is_endless":false,"potions_floor_spawned":[1,7,10,14,18,20,22,33,37,39,47],"ascension_level":20}