{"gold_per_floor":[114,114,130,142,162,162,188,188,239,32,63,63,134,154,154,229,229,248,248,248,264,264,276,311,311,311,24,50,66,66,85,85,162,162,177,254,129,145,157,191,191,219,219,234,253,324,57,85,85,85,85,85,85,30,65,65],"floor_reached":57,"playtime":5291,"items_purged":["Strike_G","Shame","Injury"],"score":2805,"play_id":"d63c1384-8738-4210-b14f-2735008fc1c5","local_time":"20190124192534","is_ascension_mode":true,"campfire_choices":[{"data":"Skewer","floor":6,"key":"SMITH"},{"floor":8,"key":"REST"},{"data":"Crippling Poison","floor":15,"key":"SMITH"},{"data":"Acrobatics","floor":25,"key":"SMITH"},{"data":"Neutralize","floor":30,"key":"SMITH"},{"floor":32,"key":"REST"},{"floor":41,"key":"REST"},{"floor":49,"key":"RECALL"},{"data":"Burst","floor":53,"key":"SMITH"}],"neow_cost":"NONE","seed_source_timestamp":117084950573886,"circlet_count":0,"master_deck":["AscendersBane","Defend_G","Defend_G","Defend_G","Defend_G","Defend_G","Strike_G","Strike_G+1","Strike_G+1","Survivor+1","Neutralize+1","Dagger Throw","Skewer+1","Crippling Poison+1","PiercingWail","Backstab+1","A Thousand Cuts+1","PiercingWail","Quick Slash","Cloak And Dagger","Acrobatics+1","Mayhem+1","Footwork+1","Well Laid Plans+1","Dodge and Roll","Burst+1","Parasite","Backflip","Backflip","Deflect","Cloak And Dagger+1","Shame","Well Laid Plans+1","Shame","PiercingWail","Caltrops+1","PiercingWail"],"relics":["Ring of the Snake","Mercury Hourglass","Art of War","Anchor","Tiny Chest","Frozen Egg 2","Ninja Scroll","Cursed Key","Letter Opener","Sundial","Gambling Chip","Black Star","Pantograph","Juzu Bracelet","Whetstone","Ancient Tea Set","Oddly Smooth Stone","Girya","Ornamental Fan","OrangePellets","Paper Crane","Boot","Snake Skull","Bottled Tornado"],"potions_floor_usage":[11,16,24,28,40,42,56,56],"damage_taken":[{"damage":5,"enemies":"2 Louse","floor":1,"turns":5},{"damage":0,"enemies":"Cultist","floor":3,"turns":4},{"damage":2,"enemies":"Jaw Worm","floor":4,"turns":5},{"damage":13,"enemies":"Exordium Thugs","floor":5,"turns":6},{"damage":16,"enemies":"3 Sentries","floor":7,"turns":8},{"damage":6,"enemies":"Gremlin Nob","floor":11,"turns":3},{"damage":0,"enemies":"Looter","floor":14,"turns":2},{"damage":19,"enemies":"The Guardian","floor":16,"turns":13},{"damage":0,"enemies":"Chosen","floor":18,"turns":3},{"damage":1,"enemies":"Shell Parasite","floor":21,"turns":3},{"damage":32,"enemies":"Cultist and Chosen","floor":23,"turns":6},{"damage":0,"enemies":"Gremlin Leader","floor":24,"turns":6},{"damage":1,"enemies":"Slavers","floor":28,"turns":4},{"damage":0,"enemies":"3 Cultists","floor":29,"turns":3},{"damage":0,"enemies":"Snecko","floor":31,"turns":2},{"damage":35,"enemies":"Collector","floor":33,"turns":10},{"damage":0,"enemies":"3 Shapes","floor":35,"turns":4},{"damage":0,"enemies":"Orb Walker","floor":38,"turns":2},{"damage":0,"enemies":"Maw","floor":39,"turns":9},{"damage":37,"enemies":"Giant Head","floor":40,"turns":12},{"damage":8,"enemies":"Reptomancer","floor":42,"turns":6},{"damage":0,"enemies":"3 Darklings","floor":44,"turns":3},{"damage":0,"enemies":"4 Shapes","floor":45,"turns":4},{"damage":10,"enemies":"Giant Head","floor":48,"turns":11},{"damage":46,"enemies":"Donu and Deca","floor":50,"turns":16},{"damage":21,"enemies":"Awakened One","floor":51,"turns":26},{"damage":30,"enemies":"Shield and Spear","floor":55,"turns":8},{"damage":33,"enemies":"The Heart","floor":56,"turns":13}],"seed_played":"-3118290488241740971","potions_obtained":[{"floor":1,"key":"Energy Potion"},{"floor":7,"key":"Dexterity Potion"},{"floor":11,"key":"Regen Potion"},{"floor":21,"key":"Regen Potion"},{"floor":24,"key":"FearPotion"},{"floor":33,"key":"AttackPotion"},{"floor":35,"key":"GhostInAJar"},{"floor":44,"key":"Strength Potion"},{"floor":55,"key":"SkillPotion"}],"is_trial":false,"path_per_floor":["M","?","M","M","M","R","E","R","T","$","E","?","T","M","R","B",null,"M","?","T","M","?","M","E","R","T","$","E","M","R","M","R","B",null,"M","T","$","M","M","E","R","E","T","M","M","T","$","E","R","B","B",null,"R","$","E","B",null],"character_chosen":"THE_SILENT","items_purchased":["Tiny Chest","Mayhem+1","PiercingWail","OrangePellets","PiercingWail"],"campfire_rested":3,"item_purchase_floors":[10,27,47,47,54],"current_hp_per_floor":[60,60,60,58,45,45,29,50,50,50,44,22,22,22,22,18,59,59,59,59,58,58,26,41,41,41,41,40,40,40,40,61,26,61,61,61,61,61,61,24,45,37,37,37,37,37,37,27,27,6,10,57,57,57,27,19],"gold":65,"neow_bonus":"TEN_PERCENT_HP_BONUS","is_prod":false,"is_daily":false,"chose_seed":false,"campfire_upgraded":5,"win_rate":0,"timestamp":1548386734,"path_taken":["M","?","?","M","?","R","E","R","T","?","E","?","?","?","R","BOSS","M","?","?","?","?","M","E","R","T","$","E","M","R","M","R","BOSS","M","?","$","M","?","E","R","E","T","M","M","?","?","E","R","BOSS","BOSS","R","$","E","BOSS"],"build_version":"2019-01-23","purchased_purges":3,"victory":true,"max_hp_per_floor":[72,72,72,72,72,72,72,72,72,72,72,72,72,72,72,72,72,72,72,72,72,72,72,72,72,72,72,72,72,72,72,72,72,72,72,72,72,72,72,72,72,72,72,72,72,72,72,72,72,72,72,72,72,72,72,72],"card_choices":[{"not_picked":["Heel Hook","Underhanded Strike"],"picked":"Dagger Throw","floor":1},{"not_picked":["Outmaneuver","Eviscerate","Distraction"],"picked":"SKIP","floor":3},{"not_picked":["Sucker Punch","Cloak And Dagger"],"picked":"Skewer","floor":4},{"not_picked":["Acrobatics","Flying Knee"],"picked":"Crippling Poison","floor":5},{"not_picked":["Slice","Finisher","Prepared"],"picked":"SKIP","floor":7},{"not_picked":["Predator","Flying Knee"],"picked":"PiercingWail","floor":11},{"not_picked":["Cloak And Dagger","Quick Slash"],"picked":"Backstab","floor":14},{"not_picked":["Die Die Die","Adrenaline"],"picked":"A Thousand Cuts+1","floor":16},{"not_picked":["Concentrate","Blade Dance","Deadly Poison"],"picked":"SKIP","floor":18},{"not_picked":["Dash","Masterful Stab","Sucker Punch"],"picked":"SKIP","floor":21},{"not_picked":["Distraction","Poisoned Stab"],"picked":"Cloak And Dagger","floor":23},{"not_picked":["Riddle With Holes","Slice"],"picked":"Acrobatics","floor":24},{"not_picked":["Blade Dance","Setup"],"picked":"Footwork+1","floor":28},{"not_picked":["Outmaneuver","Grand Finale"],"picked":"Well Laid Plans+1","floor":29},{"not_picked":["Choke","Bouncing Flask"],"picked":"Dodge and Roll","floor":31},{"not_picked":["Grand Finale","Venomology"],"picked":"Burst","floor":33},{"not_picked":["Finisher+1","Sucker Punch","Poisoned Stab"],"picked":"SKIP","floor":35},{"not_picked":["Dodge and Roll","Predator"],"picked":"Backflip","floor":38},{"not_picked":["Predator+1","Sucker Punch+1"],"picked":"Backflip","floor":39},{"not_picked":["Outmaneuver+1","Flying Knee"],"picked":"Deflect","floor":40},{"not_picked":["Acrobatics","Blade Dance+1"],"picked":"Cloak And Dagger+1","floor":42},{"not_picked":["Terror+1","Dash"],"picked":"Well Laid Plans+1","floor":44},{"not_picked":["Dagger Spray+1","Storm of Steel","Blade Dance"],"picked":"SKIP","floor":45},{"not_picked":["Well Laid Plans+1","Deflect"],"picked":"Caltrops+1","floor":48},{"not_picked":["Flechettes","Eviscerate","Underhanded Strike"],"picked":"SKIP","floor":55}],"player_experience":4507188,"relics_obtained":[{"floor":2,"key":"Mercury Hourglass"},{"floor":7,"key":"Art of War"},{"floor":9,"key":"Anchor"},{"floor":11,"key":"Frozen Egg 2"},{"floor":13,"key":"Ninja Scroll"},{"floor":20,"key":"Letter Opener"},{"floor":24,"key":"Sundial"},{"floor":28,"key":"Gambling Chip"},{"floor":36,"key":"Pantograph"},{"floor":40,"key":"Juzu Bracelet"},{"floor":40,"key":"Whetstone"},{"floor":42,"key":"Ancient Tea Set"},{"floor":42,"key":"Oddly Smooth Stone"},{"floor":43,"key":"Girya"},{"floor":46,"key":"Ornamental Fan"},{"floor":48,"key":"Paper Crane"},{"floor":48,"key":"Boot"},{"floor":55,"key":"Snake Skull"},{"floor":55,"key":"Bottled Tornado"}],"event_choices":[{"damage_healed":0,"gold_gain":0,"player_choice":"Relic","damage_taken":0,"max_hp_gain":0,"max_hp_loss":0,"event_name":"Wheel of Change","floor":2,"gold_loss":0},{"damage_healed":0,"gold_gain":0,"player_choice":"Entered Light","damage_taken":22,"max_hp_gain":0,"max_hp_loss":0,"event_name":"Shining Light","floor":12,"gold_loss":0,"cards_upgraded":["Strike_G","Survivor"]},{"damage_healed":0,"gold_gain":0,"player_choice":"Read","damage_taken":0,"max_hp_gain":0,"max_hp_loss":0,"event_name":"The Library","floor":19,"gold_loss":0,"cards_obtained":["PiercingWail"]},{"damage_healed":0,"gold_gain":0,"cards_transformed":["Strike_G"],"player_choice":"Transformed","damage_taken":0,"max_hp_gain":0,"max_hp_loss":0,"event_name":"Transmorgrifier","floor":22,"gold_loss":0,"cards_obtained":["Quick Slash"]}],"is_beta":true,"boss_relics":[{"not_picked":["Velvet Choker","HoveringKite"],"picked":"Cursed Key"},{"not_picked":["Eternal Feather","Orrery"],"picked":"Black Star"}],"items_purged_floors":[10,27,37],"is_endless":false,"potions_floor_spawned":[1,7,11,21,23,24,33,35,38,44,55],"ascension_level":20}