{"gold_per_floor":[117,77,25,25,39,68,68,80,126,126],"floor_reached":10,"playtime":659,"items_purged":[],"score":132,"play_id":"131f1f58-feb4-4b5c-9053-03a3d92f1d8c","local_time":"20190124145103","is_ascension_mode":true,"campfire_choices":[{"floor":7,"key":"REST"}],"neow_cost":"NONE","seed_source_timestamp":105287973384076,"circlet_count":0,"master_deck":["AscendersBane","Defend_G","Defend_G","Defend_G","Defend_G","Defend_G","Strike_G","Strike_G","Strike_G","Strike_G","Strike_G","Survivor","Neutralize","Deadly Poison","Poisoned Stab","Pain","Backflip","Deadly Poison","Crippling Poison"],"relics":["Ring of the Snake","WarpedTongs","Boot"],"potions_floor_usage":[6,6],"damage_taken":[{"damage":0,"enemies":"2 Louse","floor":1,"turns":3},{"damage":3,"enemies":"Cultist","floor":5,"turns":3},{"damage":36,"enemies":"3 Sentries","floor":6,"turns":10},{"damage":1,"enemies":"Jaw Worm","floor":8,"turns":3},{"damage":38,"enemies":"Gremlin Nob","floor":10,"turns":4}],"seed_played":"-8637506585260278504","potions_obtained":[{"floor":0,"key":"FairyPotion"},{"floor":0,"key":"SpeedPotion"},{"floor":2,"key":"SkillPotion"},{"floor":5,"key":"GamblersBrew"}],"is_trial":false,"path_per_floor":["M","?","$","?","M","E","R","M","T","E"],"character_chosen":"THE_SILENT","items_purchased":["Poisoned Stab"],"campfire_rested":1,"item_purchase_floors":[3],"current_hp_per_floor":[59,59,59,59,56,20,39,38,38,0],"gold":126,"neow_bonus":"THREE_SMALL_POTIONS","is_prod":false,"is_daily":false,"chose_seed":false,"campfire_upgraded":0,"win_rate":0,"timestamp":1548370263,"path_taken":["M","?","?","?","M","E","R","M","T","E"],"build_version":"2019-01-23","purchased_purges":0,"victory":false,"max_hp_per_floor":[66,66,66,66,66,66,66,66,66,66],"card_choices":[{"not_picked":["Slice","Dagger Spray"],"picked":"Deadly Poison","floor":1},{"not_picked":["Underhanded Strike","Sucker Punch"],"picked":"Backflip","floor":5},{"not_picked":["Finisher","Catalyst"],"picked":"Deadly Poison","floor":6},{"not_picked":["Slice","Bouncing Flask"],"picked":"Crippling Poison","floor":8}],"player_experience":4495695,"relics_obtained":[{"floor":6,"key":"Boot"}],"event_choices":[{"damage_healed":0,"gold_gain":0,"player_choice":"Bought 3 Potions","damage_taken":0,"max_hp_gain":0,"max_hp_loss":0,"event_name":"The Woman in Blue","floor":2,"gold_loss":0},{"damage_healed":0,"gold_gain":0,"player_choice":"Rummage","damage_taken":0,"relics_obtained":["WarpedTongs"],"max_hp_gain":0,"max_hp_loss":0,"event_name":"Accursed Blacksmith","floor":4,"gold_loss":0,"cards_obtained":["Pain"]}],"is_beta":true,"boss_relics":[],"items_purged_floors":[],"is_endless":false,"potions_floor_spawned":[5],"killed_by":"Gremlin Nob","ascension_level":20}