{"gold_per_floor":[109,184,184,197,68,68,103,25,25,38,64,80,108,122,122,195,195,209,220,120,133,133,164,164,214,237,237,255,280,280,293,293,371,371,385,385,99,110,121,155,155,181,181,213,213,229,263,274,274,274,274,274,274,20,48,48],"floor_reached":56,"playtime":4521,"items_purged":["Clumsy","Anger","Strike_R"],"score":2325,"play_id":"9ecac71e-facb-469c-952e-e1978d9a6425","local_time":"20190131165155","is_ascension_mode":true,"campfire_choices":[{"floor":6,"key":"REST"},{"data":"Bash","floor":15,"key":"SMITH"},{"floor":27,"key":"REST"},{"data":"Ghostly","floor":30,"key":"SMITH"},{"data":"Ghostly","floor":32,"key":"SMITH"},{"floor":41,"key":"RECALL"},{"floor":49,"key":"REST"},{"floor":53,"key":"REST"}],"neow_cost":"CURSE","seed_source_timestamp":193660596729201,"circlet_count":0,"master_deck":["AscendersBane","Strike_R","Strike_R","Strike_R+1","Strike_R+1","Defend_R","Defend_R","Defend_R","Defend_R+1","Bash+1","Impervious","Combust","Headbutt","Disarm","Bludgeon","Corruption","Bludgeon","Impervious","Spot Weakness","Ghostly","Ghostly+1","Ghostly+1","Feed","True Grit","Shockwave","Entrench","Reaper","Body Slam+1","Headbutt","Offering","Evolve+1","Feel No Pain","Flame Barrier","PanicButton","Shrug It Off"],"relics":["Burning Blood","Bronze Scales","Mercury Hourglass","Pen Nib","Lantern","Snecko Eye","Bag of Preparation","Enchiridion","Regal Pillow","Self Forming Clay","Fusion Hammer","Red Skull","Matryoshka","Whetstone","Art of War","Blue Candle","Potion Belt","Vajra"],"potions_floor_usage":[7,11,11,21,50,50,51,56],"damage_taken":[{"damage":14,"enemies":"Jaw Worm","floor":1,"turns":5},{"damage":2,"enemies":"Cultist","floor":4,"turns":4},{"damage":28,"enemies":"Gremlin Nob","floor":7,"turns":5},{"damage":0,"enemies":"Small Slimes","floor":10,"turns":2},{"damage":23,"enemies":"Lagavulin","floor":11,"turns":7},{"damage":1,"enemies":"3 Louse","floor":12,"turns":2},{"damage":16,"enemies":"3 Sentries","floor":13,"turns":4},{"damage":0,"enemies":"Red Slaver","floor":14,"turns":1},{"damage":26,"enemies":"Hexaghost","floor":16,"turns":9},{"damage":0,"enemies":"2 Thieves","floor":18,"turns":3},{"damage":0,"enemies":"Spheric Guardian","floor":19,"turns":2},{"damage":34,"enemies":"Chosen and Byrds","floor":21,"turns":4},{"damage":2,"enemies":"Book of Stabbing","floor":23,"turns":4},{"damage":3,"enemies":"Centurion and Healer","floor":28,"turns":4},{"damage":0,"enemies":"Slavers","floor":29,"turns":4},{"damage":0,"enemies":"Snake Plant","floor":31,"turns":6},{"damage":2,"enemies":"Collector","floor":33,"turns":5},{"damage":2,"enemies":"Orb Walker","floor":35,"turns":3},{"damage":2,"enemies":"3 Darklings","floor":38,"turns":4},{"damage":8,"enemies":"Spire Growth","floor":39,"turns":4},{"damage":18,"enemies":"Reptomancer","floor":40,"turns":5},{"damage":1,"enemies":"Nemesis","floor":42,"turns":5},{"damage":9,"enemies":"Giant Head","floor":44,"turns":6},{"damage":1,"enemies":"Writhing Mass","floor":46,"turns":3},{"damage":2,"enemies":"Reptomancer","floor":47,"turns":3},{"damage":6,"enemies":"Maw","floor":48,"turns":6},{"damage":39,"enemies":"Awakened One","floor":50,"turns":10},{"damage":39,"enemies":"Time Eater","floor":51,"turns":9},{"damage":20,"enemies":"Shield and Spear","floor":55,"turns":6},{"damage":77,"enemies":"The Heart","floor":56,"turns":9}],"seed_played":"-9027112331305955279","potions_obtained":[{"floor":1,"key":"SpeedPotion"},{"floor":7,"key":"Regen Potion"},{"floor":10,"key":"Regen Potion"},{"floor":14,"key":"Weak Potion"},{"floor":18,"key":"Strength Potion"},{"floor":28,"key":"Strength Potion"},{"floor":47,"key":"Swift Potion"},{"floor":55,"key":"Block Potion"}],"is_trial":false,"path_per_floor":["M","?","?","M","$","R","E","$","T","M","E","M","E","M","R","B",null,"M","M","$","M","?","E","?","?","T","R","M","E","R","M","R","B",null,"M","?","$","M","M","E","R","E","T","E","?","M","E","M","R","B","B",null,"R","$","E","B"],"character_chosen":"IRONCLAD","items_purchased":["Block Potion","Disarm","Red Skull","Feel No Pain","Flame Barrier","PanicButton"],"campfire_rested":4,"item_purchase_floors":[5,8,37,54,54,54],"current_hp_per_floor":[60,49,26,30,30,52,30,30,30,36,64,69,59,65,65,45,68,74,75,75,47,37,37,16,13,13,37,40,43,43,46,46,46,46,46,46,46,49,47,38,38,50,50,55,55,55,58,61,61,32,9,50,64,64,66,0],"gold":48,"neow_bonus":"THREE_RARE_CARDS","is_prod":false,"is_daily":false,"chose_seed":false,"campfire_upgraded":3,"win_rate":0,"timestamp":1548982315,"path_taken":["M","?","?","M","$","R","E","?","T","M","E","?","E","M","R","BOSS","M","M","$","M","?","E","?","?","T","R","M","E","R","M","R","BOSS","M","?","$","M","M","E","R","E","T","E","?","M","E","?","R","BOSS","BOSS","R","$","E","BOSS"],"build_version":"2019-01-23","purchased_purges":3,"victory":false,"max_hp_per_floor":[75,75,75,75,75,75,75,75,75,75,75,75,75,75,75,75,75,75,75,75,75,37,37,37,37,37,37,40,43,43,46,46,46,46,46,46,46,49,49,52,52,55,55,55,55,55,58,61,61,64,64,64,64,64,67,67],"card_choices":[{"not_picked":["Barricade","Exhume"],"picked":"Impervious","floor":0},{"not_picked":["Perfected Strike","Flex"],"picked":"Anger","floor":1},{"not_picked":["Ghostly Armor","Cleave"],"picked":"Combust","floor":4},{"not_picked":["Iron Wave","Flex"],"picked":"Headbutt","floor":7},{"not_picked":["Heavy Blade","Anger"],"picked":"Bludgeon","floor":10},{"not_picked":["Dual Wield","Flex"],"picked":"Corruption","floor":11},{"not_picked":["Rage","True Grit","Iron Wave"],"picked":"SKIP","floor":12},{"not_picked":["Iron Wave","Fire Breathing"],"picked":"Bludgeon","floor":13},{"not_picked":["Dropkick","Carnage","Flex"],"picked":"SKIP","floor":14},{"not_picked":["Double Tap","Feed"],"picked":"Impervious","floor":16},{"not_picked":["Havoc+1","Metallicize+1"],"picked":"Spot Weakness","floor":18},{"not_picked":["Perfected Strike","Whirlwind","Wild Strike"],"picked":"SKIP","floor":19},{"not_picked":["Anger+1","Combust","Power Through"],"picked":"SKIP","floor":21},{"not_picked":["Seeing Red","Hemokinesis"],"picked":"Feed","floor":23},{"not_picked":["Sword Boomerang","Entrench"],"picked":"True Grit","floor":28},{"not_picked":["Heavy Blade","Flame Barrier"],"picked":"Shockwave","floor":29},{"not_picked":["Hemokinesis","Iron Wave"],"picked":"Entrench","floor":31},{"not_picked":["Impervious","Demon Form"],"picked":"Reaper","floor":33},{"not_picked":["Thunderclap","Entrench+1"],"picked":"Body Slam","floor":35},{"not_picked":["Flex","Havoc"],"picked":"Headbutt","floor":38},{"not_picked":["Infernal Blade","Sword Boomerang","Inflame"],"picked":"SKIP","floor":39},{"not_picked":["Blood for Blood","Cleave","Wild Strike"],"picked":"SKIP","floor":40},{"not_picked":["Rage","Iron Wave","Whirlwind"],"picked":"SKIP","floor":42},{"not_picked":["Battle Trance","Rage"],"picked":"Offering","floor":44},{"not_picked":["Wild Strike","True Grit","Twin Strike"],"picked":"SKIP","floor":46},{"not_picked":["Clash","Berserk"],"picked":"Evolve+1","floor":47},{"not_picked":["Clash+1","Flex","Warcry"],"picked":"SKIP","floor":48},{"not_picked":["Infernal Blade+1","Havoc+1"],"picked":"Shrug It Off","floor":55}],"player_experience":4612845,"relics_obtained":[{"floor":7,"key":"Bronze Scales"},{"floor":9,"key":"Mercury Hourglass"},{"floor":11,"key":"Pen Nib"},{"floor":13,"key":"Lantern"},{"floor":23,"key":"Bag of Preparation"},{"floor":24,"key":"Enchiridion"},{"floor":26,"key":"Regal Pillow"},{"floor":29,"key":"Self Forming Clay"},{"floor":40,"key":"Matryoshka"},{"floor":42,"key":"Whetstone"},{"floor":43,"key":"Art of War"},{"floor":44,"key":"Blue Candle"},{"floor":47,"key":"Potion Belt"},{"floor":55,"key":"Vajra"}],"event_choices":[{"damage_healed":0,"gold_gain":75,"player_choice":"Gather Gold","damage_taken":11,"max_hp_gain":0,"max_hp_loss":0,"event_name":"World of Goop","floor":2,"gold_loss":0},{"damage_healed":0,"gold_gain":0,"player_choice":"Entered Light","damage_taken":23,"max_hp_gain":0,"max_hp_loss":0,"event_name":"Shining Light","floor":3,"gold_loss":0,"cards_upgraded":["Defend_R","Strike_R"]},{"damage_healed":0,"gold_gain":0,"player_choice":"Became a Ghost","damage_taken":0,"max_hp_gain":0,"max_hp_loss":38,"event_name":"Ghosts","floor":22,"gold_loss":0,"cards_obtained":["Ghostly","Ghostly","Ghostly"]},{"damage_healed":0,"gold_gain":0,"player_choice":"Obtained Book","damage_taken":21,"max_hp_gain":0,"max_hp_loss":0,"event_name":"Cursed Tome","floor":24,"gold_loss":0},{"damage_healed":0,"gold_gain":50,"player_choice":"Touch","damage_taken":3,"max_hp_gain":0,"max_hp_loss":0,"event_name":"FaceTrader","floor":25,"gold_loss":0},{"damage_healed":0,"gold_gain":0,"player_choice":"Ignored","damage_taken":0,"max_hp_gain":0,"max_hp_loss":0,"event_name":"Tomb of Lord Red Mask","floor":36,"gold_loss":0},{"damage_healed":0,"gold_gain":0,"player_choice":"0 cards matched","damage_taken":0,"max_hp_gain":0,"max_hp_loss":0,"event_name":"Match and Keep!","floor":45,"gold_loss":0,"cards_obtained":[]}],"is_beta":true,"boss_relics":[{"not_picked":["Lizard Tail","Black Blood"],"picked":"Snecko Eye"},{"not_picked":["Velvet Choker","Runic Pyramid"],"picked":"Fusion Hammer"}],"items_purged_floors":[5,20,37],"is_endless":false,"potions_floor_spawned":[1,7,10,14,18,19,28,29,31,40,42,44,47,55],"killed_by":"The Heart","ascension_level":20}