{"gold_per_floor":[113,125,21,21,37,37,76,76,103,103,142,161,161,33,33,123,123,142,142,158,158,227,227,19,35,35,35,35,35,51,91,91,187,187,200,200,10,10,28,64,64,64,64,87,87,87,107,145,145,145,145,145,145,30,63,63],"floor_reached":57,"playtime":4325,"items_purged":["Strike_B","Strike_B","Strike_B"],"score":2718,"play_id":"b78b6438-6e77-4bce-9f3c-f5a03fd20671","local_time":"20190123150051","is_ascension_mode":true,"campfire_choices":[{"data":"Zap","floor":6,"key":"SMITH"},{"data":"Darkness","floor":8,"key":"SMITH"},{"data":"Doom and Gloom","floor":10,"key":"SMITH"},{"data":"Multi-Cast","floor":13,"key":"SMITH"},{"data":"Conserve Battery","floor":15,"key":"SMITH"},{"data":"Echo Form","floor":23,"key":"SMITH"},{"data":"Defragment","floor":27,"key":"SMITH"},{"data":"Ghostly","floor":29,"key":"SMITH"},{"data":"Ghostly","floor":32,"key":"SMITH"},{"data":"Darkness","floor":41,"key":"SMITH"},{"floor":49,"key":"RECALL"},{"floor":53,"key":"REST"}],"neow_cost":"NONE","seed_source_timestamp":15703260767702,"circlet_count":0,"master_deck":["AscendersBane","Defend_B+1","Defend_B+1","Dualcast","Doom and Gloom+1","Conserve Battery+1","Darkness+1","Multi-Cast+1","Steam","Conserve Battery","Echo Form+1","Leap+1","Hologram","Darkness+1","Defragment+1","Ghostly+1","Ghostly+1","Ghostly+1","Darkness","Echo Form","Defragment+1","Amplify+1","Loop+1","Coolheaded","Coolheaded","Thinking Ahead","Hologram","Conserve Battery","Hologram"],"relics":["Cracked Core","Golden Idol","Potion Belt","War Paint","Lantern","Runic Pyramid","Boot","Mummified Hand","Strawberry","Centennial Puzzle","Astrolabe","Pear","Vajra","StoneCalendar"],"potions_floor_usage":[7,18,31,40,44,50,50,51,51,51,51,51,56,56],"damage_taken":[{"damage":0,"enemies":"Cultist","floor":1,"turns":4},{"damage":2,"enemies":"Jaw Worm","floor":2,"turns":3},{"damage":0,"enemies":"2 Louse","floor":5,"turns":3},{"damage":28,"enemies":"3 Sentries","floor":7,"turns":5},{"damage":7,"enemies":"Lagavulin","floor":11,"turns":5},{"damage":12,"enemies":"Exordium Wildlife","floor":12,"turns":4},{"damage":7,"enemies":"The Guardian","floor":16,"turns":9},{"damage":14,"enemies":"2 Thieves","floor":18,"turns":3},{"damage":6,"enemies":"Shell Parasite","floor":20,"turns":3},{"damage":14,"enemies":"3 Cultists","floor":25,"turns":5},{"damage":0,"enemies":"Centurion and Healer","floor":30,"turns":5},{"damage":5,"enemies":"Book of Stabbing","floor":31,"turns":4},{"damage":0,"enemies":"Collector","floor":33,"turns":5},{"damage":10,"enemies":"3 Shapes","floor":35,"turns":3},{"damage":0,"enemies":"3 Darklings","floor":39,"turns":4},{"damage":16,"enemies":"Reptomancer","floor":40,"turns":4},{"damage":0,"enemies":"Sphere and 2 Shapes","floor":44,"turns":8},{"damage":0,"enemies":"Spire Growth","floor":47,"turns":4},{"damage":2,"enemies":"Nemesis","floor":48,"turns":5},{"damage":15,"enemies":"Time Eater","floor":50,"turns":6},{"damage":1,"enemies":"Donu and Deca","floor":51,"turns":5},{"damage":1,"enemies":"Shield and Spear","floor":55,"turns":6},{"damage":45,"enemies":"The Heart","floor":56,"turns":11}],"seed_played":"-1332273350191372923","potions_obtained":[{"floor":2,"key":"Weak Potion"},{"floor":5,"key":"Swift Potion"},{"floor":11,"key":"GamblersBrew"},{"floor":16,"key":"FocusPotion"},{"floor":18,"key":"SteroidPotion"},{"floor":25,"key":"Weak Potion"},{"floor":40,"key":"AttackPotion"},{"floor":47,"key":"FearPotion"},{"floor":48,"key":"EssenceOfSteel"}],"is_trial":false,"path_per_floor":["?","?","M","?","T","?","?","$","?","M","?","?","?","M"],"character_chosen":"DEFECT","items_purchased":["Conserve Battery","Conserve Battery","Darkness","GamblersBrew","EntropicBrew","SkillPotion","Conserve Battery"],"campfire_rested":1,"item_purchase_floors":[3,14,24,37,37,54,54],"current_hp_per_floor":[71,69,69,69,69,69,41,41,41,41,34,22,22,22,22,15,57,43,43,37,37,37,37,37,23,30,30,30,30,30,25,25,25,36,26,26,26,26,26,20,20,20,20,20,20,20,20,18,18,3,2,36,47,47,46,1],"gold":63,"neow_bonus":"TEN_PERCENT_HP_BONUS","is_prod":false,"is_daily":false,"chose_seed":false,"campfire_upgraded":10,"win_rate":0,"timestamp":1548284451,"path_taken":["M","M","$","?","M","R","E","R","T","R","E","M","R","$","R","BOSS","M","?","?","?","?","R","$","M","T","R","?","R","M","E","R","BOSS","M","?","?","?","?","E","R","?","T","M","?","?","?","E","R","BOSS","BOSS","R","$","E","BOSS"],"build_version":"2019-01-22","purchased_purges":3,"victory":true,"max_hp_per_floor":[78,78,78,71,71,71,71,71,71,71,71,71,71,71,71,71,71,71,71,71,71,71,71,71,71,78,78,39,39,39,39,39,39,39,39,39,39,39,39,49,49,47,47,47,47,47,47,47,47,47,47,47,47,47,47,47],"card_choices":[{"not_picked":["Redo","Undo"],"picked":"Doom and Gloom","floor":1},{"not_picked":["Hologram","Steam","Storm"],"picked":"SKIP","floor":2},{"not_picked":["Compile Driver","Conserve Battery"],"picked":"Gash","floor":5},{"not_picked":["Beam Cell","Conserve Battery"],"picked":"Darkness","floor":7},{"not_picked":["Stack","Storm"],"picked":"Multi-Cast","floor":11},{"not_picked":["Redo","Turbo"],"picked":"Steam","floor":12},{"not_picked":["Creative AI","Electrodynamics"],"picked":"Echo Form","floor":16},{"not_picked":["Turbo","Compile Driver"],"picked":"Leap+1","floor":18},{"not_picked":["Go for the Eyes","Cold Snap"],"picked":"Hologram","floor":20},{"not_picked":["Barrage","Lockon"],"picked":"Defragment","floor":25},{"not_picked":["Compile Driver","Scrape","Redo"],"picked":"SKIP","floor":30},{"not_picked":["All For One","Static Discharge"],"picked":"Darkness","floor":31},{"not_picked":["Machine Learning","Electrodynamics"],"picked":"Echo Form","floor":33},{"not_picked":["Steam","Doom and Gloom"],"picked":"Coolheaded","floor":35},{"not_picked":["Sweeping Beam","Hologram","Ball Lightning"],"picked":"SKIP","floor":39},{"not_picked":["Streamline","BootSequence+1"],"picked":"Coolheaded","floor":40},{"not_picked":["Chill","Scrape","Beam Cell"],"picked":"SKIP","floor":44},{"not_picked":["Madness","Flash of Steel"],"picked":"Thinking Ahead","floor":45},{"not_picked":["Darkness+1","Go for the Eyes"],"picked":"Hologram","floor":47},{"not_picked":["Ball Lightning","White Noise","Skim"],"picked":"SKIP","floor":48},{"not_picked":["Ball Lightning","Sweeping Beam"],"picked":"Hologram","floor":55}],"player_experience":4475555,"relics_obtained":[{"floor":7,"key":"Potion Belt"},{"floor":9,"key":"War Paint"},{"floor":11,"key":"Lantern"},{"floor":22,"key":"Mummified Hand"},{"floor":26,"key":"Strawberry"},{"floor":31,"key":"Centennial Puzzle"},{"floor":40,"key":"Pear"},{"floor":48,"key":"Vajra"},{"floor":55,"key":"StoneCalendar"}],"event_choices":[{"damage_healed":0,"gold_gain":0,"player_choice":"Lose Max HP","damage_taken":0,"relics_obtained":["Golden Idol"],"max_hp_gain":0,"max_hp_loss":7,"event_name":"Golden Idol","floor":4,"gold_loss":0},{"damage_healed":0,"gold_gain":0,"player_choice":"Gave Potion","damage_taken":0,"relics_obtained":["Boot"],"max_hp_gain":0,"max_hp_loss":0,"event_name":"WeMeetAgain","floor":19,"gold_loss":0},{"damage_healed":0,"gold_gain":0,"player_choice":"Ignored","damage_taken":0,"max_hp_gain":0,"max_hp_loss":0,"event_name":"Vampires","floor":21,"gold_loss":0},{"damage_healed":0,"gold_gain":0,"player_choice":"Became a Ghost","damage_taken":0,"max_hp_gain":0,"max_hp_loss":39,"event_name":"Ghosts","floor":28,"gold_loss":0,"cards_obtained":["Ghostly","Ghostly","Ghostly"]},{"damage_healed":0,"gold_gain":0,"player_choice":"Forge","damage_taken":0,"max_hp_gain":0,"max_hp_loss":0,"event_name":"Accursed Blacksmith","floor":36,"gold_loss":0,"cards_upgraded":["Ghostly"]},{"cards_removed":["Gash"],"damage_healed":0,"gold_gain":0,"player_choice":"Removed Attack","damage_taken":0,"max_hp_gain":0,"max_hp_loss":0,"event_name":"Falling","floor":38,"gold_loss":0},{"damage_healed":0,"gold_gain":0,"player_choice":"Max HP","damage_taken":0,"max_hp_gain":0,"max_hp_loss":2,"event_name":"Winding Halls","floor":42,"gold_loss":0},{"damage_healed":0,"gold_gain":0,"player_choice":"Memory 1","damage_taken":0,"max_hp_gain":0,"max_hp_loss":0,"event_name":"SensoryStone","floor":45,"gold_loss":0},{"cards_removed":["Zap"],"damage_healed":0,"gold_gain":0,"player_choice":"Purged","damage_taken":0,"max_hp_gain":0,"max_hp_loss":0,"event_name":"Purifier","floor":46,"gold_loss":0}],"is_beta":true,"boss_relics":[{"not_picked":["FrozenCore","Nuclear Battery"],"picked":"Runic Pyramid"},{"not_picked":["Pandora\u0027s Box","White Beast Statue"],"picked":"Astrolabe"}],"items_purged_floors":[3,14,24],"is_endless":false,"potions_floor_spawned":[2,5,11,16,18,25,40,47,48],"ascension_level":20}