{"gold_per_floor":[114,114,129,139,158,177,177,12,58,92,92,17,17,45,45,121,121,137,157,157,177,12,12,12,346,346,346,371,371,387,418,418,491,491,507,153,166,0,0,29,29,56,80,180,192,220,17,28,28,28,28,28,28,28,55,55],"floor_reached":57,"playtime":3741,"items_purged":["Strike_R","Normality"],"score":2937,"play_id":"ef877661-8182-46ca-b318-3a8eb546cd5d","local_time":"20190123161532","is_ascension_mode":true,"campfire_choices":[{"data":"Bash","floor":7,"key":"SMITH"},{"data":"Feel No Pain","floor":11,"key":"SMITH"},{"data":"Metallicize","floor":13,"key":"SMITH"},{"data":"Battle Trance","floor":15,"key":"SMITH"},{"data":"Immolate","floor":23,"key":"SMITH"},{"data":"Rampage","floor":27,"key":"SMITH"},{"data":"Burning Pact","floor":32,"key":"SMITH"},{"data":"Juggernaut","floor":41,"key":"SMITH"},{"floor":49,"key":"RECALL"},{"data":"Feel No Pain","floor":53,"key":"SMITH"}],"neow_cost":"NONE","seed_source_timestamp":20820477532484,"circlet_count":0,"master_deck":["AscendersBane","Defend_R","Defend_R","Defend_R","Defend_R","Bash+1","Rampage+1","Second Wind","Anger","Shrug It Off","Feel No Pain+1","Metallicize+1","Corruption","Battle Trance+1","Headbutt","Immolate+1","Body Slam+1","Havoc","Shrug It Off","Burning Pact+1","Juggernaut+1","Shrug It Off","Uppercut","Dark Embrace","Feel No Pain+1","Ghostly Armor","Havoc","PanicButton","Warcry","Battle Trance"],"relics":["Burning Blood","Bronze Scales","Orichalcum","Mummified Hand","Blood Vial","Cursed Key","Bag of Preparation","Old Coin","Meat on the Bone","Art of War","Sozu","Medical Kit","Red Mask","PreservedInsect","Pantograph","Bird Faced Urn","Mercury Hourglass","Happy Flower"],"potions_floor_usage":[5,10,16,19,25,56,56],"damage_taken":[{"damage":4,"enemies":"Jaw Worm","floor":1,"turns":4},{"damage":0,"enemies":"Cultist","floor":3,"turns":3},{"damage":10,"enemies":"Small Slimes","floor":4,"turns":2},{"damage":8,"enemies":"Blue Slaver","floor":5,"turns":3},{"damage":27,"enemies":"Gremlin Gang","floor":6,"turns":5},{"damage":12,"enemies":"Gremlin Nob","floor":10,"turns":4},{"damage":12,"enemies":"3 Sentries","floor":14,"turns":9},{"damage":32,"enemies":"Slime Boss","floor":16,"turns":11},{"damage":19,"enemies":"3 Byrds","floor":18,"turns":3},{"damage":20,"enemies":"Shell Parasite","floor":19,"turns":4},{"damage":10,"enemies":"Cultist and Chosen","floor":21,"turns":6},{"damage":0,"enemies":"Gremlin Leader","floor":25,"turns":5},{"damage":13,"enemies":"Slavers","floor":28,"turns":4},{"damage":0,"enemies":"Snecko","floor":30,"turns":3},{"damage":20,"enemies":"Book of Stabbing","floor":31,"turns":4},{"damage":27,"enemies":"Champ","floor":33,"turns":13},{"damage":0,"enemies":"Orb Walker","floor":35,"turns":2},{"damage":0,"enemies":"3 Shapes","floor":37,"turns":4},{"damage":8,"enemies":"Nemesis","floor":40,"turns":5},{"damage":0,"enemies":"Giant Head","floor":42,"turns":4},{"damage":17,"enemies":"Mind Bloom Boss Battle","floor":44,"turns":4},{"damage":0,"enemies":"Jaw Worm Horde","floor":45,"turns":3},{"damage":38,"enemies":"Reptomancer","floor":46,"turns":3},{"damage":14,"enemies":"Sphere and 2 Shapes","floor":48,"turns":4},{"damage":37,"enemies":"Time Eater","floor":50,"turns":8},{"damage":32,"enemies":"Awakened One","floor":51,"turns":5},{"damage":0,"enemies":"Shield and Spear","floor":55,"turns":2},{"damage":19,"enemies":"The Heart","floor":56,"turns":5}],"seed_played":"3725900944114967668","potions_obtained":[{"floor":1,"key":"SteroidPotion"},{"floor":4,"key":"BloodPotion"},{"floor":6,"key":"Poison Potion"},{"floor":10,"key":"GamblersBrew"},{"floor":18,"key":"BloodPotion"},{"floor":21,"key":"PowerPotion"},{"floor":30,"key":"PowerPotion"}],"is_trial":false,"path_per_floor":["?","M","M","$","?","?","?","M","?","?","?"],"character_chosen":"IRONCLAD","items_purchased":["Corruption","Battle Trance","Bag of Preparation","Medical Kit","Shrug It Off","PanicButton"],"campfire_rested":0,"item_purchase_floors":[8,8,22,36,36,47],"current_hp_per_floor":[70,70,75,71,75,54,54,54,54,48,48,48,48,42,42,18,61,50,45,45,43,43,43,43,51,51,51,46,46,54,54,54,47,68,75,75,75,75,75,73,73,75,75,64,75,45,45,51,51,52,53,70,70,70,75,68],"gold":55,"neow_bonus":"RANDOM_COMMON_RELIC","is_prod":false,"is_daily":false,"chose_seed":false,"campfire_upgraded":9,"win_rate":0,"timestamp":1548288932,"path_taken":["M","?","?","M","?","M","R","?","T","E","R","?","R","E","R","BOSS","M","M","?","M","$","R","$","E","T","R","E","?","?","E","R","BOSS","M","$","M","?","?","E","R","E","T","?","M","E","$","M","R","BOSS","BOSS","R","$","E","BOSS"],"build_version":"2019-01-22","purchased_purges":2,"victory":true,"max_hp_per_floor":[75,75,75,75,75,75,75,75,75,75,75,75,75,75,75,75,75,75,75,75,75,75,75,75,75,75,75,75,75,75,75,75,75,75,75,75,75,75,75,75,75,75,75,75,75,75,75,75,75,75,75,75,75,75,75,75],"card_choices":[{"not_picked":["Pummel","Infernal Blade"],"picked":"Rampage","floor":1},{"not_picked":["Pummel","Clash"],"picked":"Anger","floor":3},{"not_picked":["Rampage","Perfected Strike"],"picked":"Shrug It Off","floor":4},{"not_picked":["Iron Wave","Reaper"],"picked":"Feel No Pain","floor":5},{"not_picked":["Shrug It Off","Iron Wave"],"picked":"Metallicize","floor":6},{"not_picked":["Flex","Pommel Strike"],"picked":"Headbutt","floor":10},{"not_picked":["Infernal Blade","Anger","Armaments"],"picked":"SKIP","floor":14},{"not_picked":["Limit Break","Reaper"],"picked":"Immolate","floor":16},{"not_picked":["Second Wind","Combust"],"picked":"Body Slam+1","floor":18},{"not_picked":["Wild Strike","Twin Strike","Iron Wave"],"picked":"SKIP","floor":19},{"not_picked":["Dual Wield","Sever Soul"],"picked":"Havoc","floor":21},{"not_picked":["Feel No Pain","Bloodletting"],"picked":"Shrug It Off","floor":25},{"not_picked":["Body Slam","Whirlwind","Dropkick+1"],"picked":"SKIP","floor":28},{"not_picked":["Iron Wave","Whirlwind","Dropkick+1"],"picked":"SKIP","floor":30},{"not_picked":["Disarm","Clothesline"],"picked":"Burning Pact","floor":31},{"not_picked":["Demon Form","Feed"],"picked":"Juggernaut","floor":33},{"not_picked":["Perfected Strike","Sword Boomerang","Heavy Blade"],"picked":"SKIP","floor":35},{"not_picked":["Fire Breathing","Twin Strike+1"],"picked":"Uppercut","floor":37},{"not_picked":["Impervious","Clothesline"],"picked":"Dark Embrace","floor":40},{"not_picked":["Rupture","Flex"],"picked":"Feel No Pain","floor":42},{"not_picked":["Body Slam","Cleave"],"picked":"Ghostly Armor","floor":44},{"not_picked":["Combust","Thunderclap"],"picked":"Havoc","floor":45},{"not_picked":["Twin Strike+1","Thunderclap","Armaments"],"picked":"SKIP","floor":46},{"not_picked":["Armaments","Thunderclap"],"picked":"Warcry","floor":48},{"not_picked":["Infernal Blade","Reckless Charge"],"picked":"Battle Trance","floor":55}],"player_experience":4479880,"relics_obtained":[{"floor":9,"key":"Orichalcum"},{"floor":10,"key":"Mummified Hand"},{"floor":14,"key":"Blood Vial"},{"floor":25,"key":"Old Coin"},{"floor":28,"key":"Meat on the Bone"},{"floor":31,"key":"Art of War"},{"floor":40,"key":"PreservedInsect"},{"floor":42,"key":"Pantograph"},{"floor":44,"key":"Bird Faced Urn"},{"floor":46,"key":"Mercury Hourglass"},{"floor":55,"key":"Happy Flower"}],"event_choices":[{"damage_healed":0,"gold_gain":0,"cards_transformed":["Strike_R"],"player_choice":"Transformed","damage_taken":0,"max_hp_gain":0,"max_hp_loss":0,"event_name":"Transmorgrifier","floor":2,"gold_loss":0,"cards_obtained":["Second Wind"]},{"cards_removed":["Strike_R"],"damage_healed":0,"gold_gain":0,"player_choice":"Card Removal","damage_taken":0,"max_hp_gain":0,"max_hp_loss":0,"event_name":"The Cleric","floor":12,"gold_loss":75},{"damage_healed":0,"gold_gain":0,"player_choice":"Ignored","damage_taken":0,"max_hp_gain":0,"max_hp_loss":0,"event_name":"The Mausoleum","floor":20,"gold_loss":0},{"cards_removed":["Strike_R"],"damage_healed":0,"gold_gain":0,"player_choice":"Offered Basic","damage_taken":0,"max_hp_gain":0,"max_hp_loss":0,"event_name":"Bonfire Elementals","floor":29,"gold_loss":0},{"damage_healed":0,"gold_gain":0,"player_choice":"Paid","damage_taken":0,"relics_obtained":["Red Mask"],"max_hp_gain":0,"max_hp_loss":0,"event_name":"Tomb of Lord Red Mask","floor":38,"gold_loss":166},{"cards_removed":["Strike_R"],"damage_healed":0,"gold_gain":0,"player_choice":"Removed Attack","damage_taken":0,"max_hp_gain":0,"max_hp_loss":0,"event_name":"Falling","floor":39,"gold_loss":0},{"damage_healed":0,"gold_gain":0,"player_choice":"Fight","damage_taken":0,"max_hp_gain":0,"max_hp_loss":0,"event_name":"MindBloom","floor":44,"gold_loss":0}],"is_beta":true,"boss_relics":[{"not_picked":["Runic Cube","Black Blood"],"picked":"Cursed Key"},{"not_picked":["Philosopher\u0027s Stone","Lizard Tail"],"picked":"Sozu"}],"items_purged_floors":[36,47],"is_endless":false,"potions_floor_spawned":[1,4,6,10,18,21,30,31,40,42,45,46],"ascension_level":20}