{"gold_per_floor":[219,229,229,11,11,11,161,161,231,250,250,250,47,77,77,148,148,164,54,65,84,84,117,134,134,134,160,171,204,254,286,286,364,364,375,394,441,99,99,99,132,145,172,182,182,182],"floor_reached":46,"playtime":2447,"items_purged":["Strike_R"],"score":1098,"play_id":"9e8acb1c-1d62-4a0b-88d8-77588b36b2bd","local_time":"20190125191623","is_ascension_mode":true,"campfire_choices":[{"data":"Fiend Fire","floor":6,"key":"SMITH"},{"data":"Perfected Strike","floor":8,"key":"SMITH"},{"data":"Battle Trance","floor":11,"key":"SMITH"},{"data":"Inflame","floor":15,"key":"SMITH"},{"data":"True Grit","floor":32,"key":"SMITH"},{"data":"Perfected Strike+1","floor":40,"key":"PURGE"}],"neow_cost":"NONE","seed_source_timestamp":205818496028516,"circlet_count":0,"master_deck":["AscendersBane","Strike_R+1","Strike_R+1","Strike_R+1","Defend_R+1","Defend_R+1","Defend_R+1","Defend_R+1","Bash","Shrug It Off","Fiend Fire+1","Thunderclap+1","Battle Trance+1","Inflame+1","Reaper","Heavy Blade","Anger","Whirlwind","True Grit+1","Spot Weakness+1","Feel No Pain","Corruption+1","Parasite"],"relics":["Burning Blood","Calipers","The Courier","War Paint","Shuriken","Busted Crown","Bag of Preparation","Bottled Lightning","Oddly Smooth Stone","Potion Belt","Peace Pipe","Coffee Dripper","Incense Burner","Self Forming Clay","Bag of Marbles"],"potions_floor_usage":[16,23,29,37],"damage_taken":[{"damage":9,"enemies":"2 Louse","floor":1,"turns":4},{"damage":9,"enemies":"Small Slimes","floor":2,"turns":6},{"damage":0,"enemies":"Cultist","floor":10,"turns":2},{"damage":35,"enemies":"Lagavulin","floor":14,"turns":8},{"damage":12,"enemies":"Hexaghost","floor":16,"turns":7},{"damage":13,"enemies":"Chosen","floor":18,"turns":4},{"damage":10,"enemies":"Spheric Guardian","floor":20,"turns":4},{"damage":9,"enemies":"Centurion and Healer","floor":21,"turns":4},{"damage":6,"enemies":"Book of Stabbing","floor":23,"turns":2},{"damage":2,"enemies":"Snecko","floor":24,"turns":3},{"damage":28,"enemies":"Gremlin Leader","floor":27,"turns":6},{"damage":12,"enemies":"3 Cultists","floor":28,"turns":3},{"damage":20,"enemies":"Slavers","floor":29,"turns":3},{"damage":0,"enemies":"Gremlin Leader","floor":31,"turns":5},{"damage":63,"enemies":"Automaton","floor":33,"turns":7},{"damage":2,"enemies":"3 Shapes","floor":35,"turns":6},{"damage":12,"enemies":"Orb Walker","floor":36,"turns":3},{"damage":11,"enemies":"2 Orb Walkers","floor":37,"turns":3},{"damage":48,"enemies":"Nemesis","floor":41,"turns":7},{"damage":24,"enemies":"Writhing Mass","floor":42,"turns":6},{"damage":30,"enemies":"Jaw Worm Horde","floor":44,"turns":3},{"damage":26,"enemies":"Giant Head","floor":46,"turns":4}],"seed_played":"-5486407695927675373","potions_obtained":[{"floor":14,"key":"Strength Potion"},{"floor":16,"key":"SteroidPotion"},{"floor":18,"key":"AttackPotion"},{"floor":24,"key":"LiquidBronze"},{"floor":31,"key":"Fire Potion"},{"floor":33,"key":"Dexterity Potion"},{"floor":37,"key":"Dexterity Potion"}],"is_trial":false,"path_per_floor":["M","M","?","$","?","R","?","R","T","M","R","?","$","E","R","B",null,"M","?","M","M","?","E","M","?","T","E","M","E","?","E","R","B",null,"M","M","?","$","?","R","E","M","T","M","?","E"],"character_chosen":"IRONCLAD","items_purchased":["Fiend Fire","Thunderclap","War Paint","Headbutt","Weak Potion","Feel No Pain","Self Forming Clay","PowerPotion"],"campfire_rested":0,"item_purchase_floors":[4,4,13,13,13,38,38,38],"current_hp_per_floor":[65,62,36,36,61,61,61,61,61,67,67,67,67,38,38,32,64,69,69,65,72,72,72,75,75,75,71,69,55,55,74,74,32,64,75,69,64,64,64,64,22,13,13,20,20,0],"gold":182,"neow_bonus":"HUNDRED_GOLD","is_prod":false,"is_daily":false,"chose_seed":false,"campfire_upgraded":5,"win_rate":0,"timestamp":1548472583,"path_taken":["M","M","?","$","?","R","?","R","T","M","R","?","$","E","R","BOSS","M","?","M","?","?","E","M","?","T","E","M","E","?","E","R","BOSS","M","M","?","$","?","R","E","M","T","M","?","E"],"build_version":"2019-01-23","purchased_purges":1,"victory":false,"max_hp_per_floor":[75,75,75,75,75,75,75,75,75,75,75,75,75,75,75,75,75,75,75,75,75,75,75,75,75,75,75,75,75,75,75,75,75,75,75,75,75,75,75,75,75,75,75,75,75,75],"card_choices":[{"not_picked":["Havoc","Iron Wave"],"picked":"Perfected Strike","floor":1},{"not_picked":["Shockwave","Bloodletting"],"picked":"Shrug It Off","floor":2},{"not_picked":["Power Through","Armaments"],"picked":"Battle Trance","floor":10},{"not_picked":["Sever Soul","Carnage"],"picked":"Inflame","floor":14},{"not_picked":["Immolate","Bludgeon"],"picked":"Reaper","floor":16},{"not_picked":["Iron Wave"],"picked":"SKIP","floor":18},{"not_picked":[],"picked":"Heavy Blade","floor":20},{"not_picked":["Clash"],"picked":"SKIP","floor":21},{"not_picked":["Reckless Charge"],"picked":"SKIP","floor":23},{"not_picked":[],"picked":"Whirlwind","floor":24},{"not_picked":["Iron Wave"],"picked":"SKIP","floor":27},{"not_picked":["Twin Strike"],"picked":"SKIP","floor":28},{"not_picked":[],"picked":"True Grit","floor":29},{"not_picked":[],"picked":"Spot Weakness+1","floor":31},{"not_picked":["Second Wind"],"picked":"SKIP","floor":35},{"not_picked":["Thunderclap"],"picked":"SKIP","floor":36},{"not_picked":[],"picked":"Corruption+1","floor":41},{"not_picked":["Seeing Red+1"],"picked":"SKIP","floor":42},{"not_picked":["Havoc+1"],"picked":"SKIP","floor":44}],"player_experience":4521174,"relics_obtained":[{"floor":9,"key":"The Courier"},{"floor":14,"key":"Shuriken"},{"floor":23,"key":"Bag of Preparation"},{"floor":26,"key":"Bottled Lightning"},{"floor":27,"key":"Oddly Smooth Stone"},{"floor":29,"key":"Potion Belt"},{"floor":31,"key":"Peace Pipe"},{"floor":37,"key":"Incense Burner"},{"floor":41,"key":"Bag of Marbles"}],"event_choices":[{"damage_healed":0,"gold_gain":0,"player_choice":"Success","damage_taken":26,"relics_obtained":["Calipers"],"max_hp_gain":0,"max_hp_loss":0,"event_name":"Scrap Ooze","floor":3,"gold_loss":0},{"damage_healed":25,"gold_gain":0,"player_choice":"Banana","damage_taken":0,"max_hp_gain":0,"max_hp_loss":0,"event_name":"Big Fish","floor":5,"gold_loss":0},{"damage_healed":0,"gold_gain":150,"player_choice":"AGREE","damage_taken":0,"max_hp_gain":0,"max_hp_loss":0,"event_name":"Liars Game","floor":7,"gold_loss":0,"cards_obtained":["Doubt"]},{"cards_removed":["Doubt"],"damage_healed":0,"gold_gain":0,"player_choice":"Purged","damage_taken":0,"max_hp_gain":0,"max_hp_loss":0,"event_name":"Purifier","floor":12,"gold_loss":0},{"cards_removed":["Strike_R"],"damage_healed":0,"gold_gain":0,"player_choice":"Upgrade and Remove","damage_taken":0,"max_hp_gain":0,"max_hp_loss":0,"event_name":"Designer","floor":19,"gold_loss":110,"cards_upgraded":["Thunderclap"]},{"damage_healed":0,"gold_gain":0,"player_choice":"Read","damage_taken":0,"max_hp_gain":0,"max_hp_loss":0,"event_name":"The Library","floor":22,"gold_loss":0,"cards_obtained":["Anger"]},{"damage_healed":0,"gold_gain":0,"player_choice":"Simplicity","damage_taken":0,"max_hp_gain":0,"max_hp_loss":0,"event_name":"Back to Basics","floor":25,"gold_loss":0,"cards_upgraded":["Strike_R","Strike_R","Strike_R","Defend_R","Defend_R"]},{"damage_healed":0,"gold_gain":50,"player_choice":"Stole From Cult","damage_taken":0,"max_hp_gain":0,"max_hp_loss":0,"event_name":"Nest","floor":30,"gold_loss":0},{"damage_healed":0,"gold_gain":0,"player_choice":"Fight","damage_taken":0,"max_hp_gain":0,"max_hp_loss":0,"event_name":"Mysterious Sphere","floor":37,"gold_loss":0},{"cards_removed":["Headbutt"],"damage_healed":0,"gold_gain":0,"player_choice":"Removed Attack","damage_taken":0,"max_hp_gain":0,"max_hp_loss":0,"event_name":"Falling","floor":39,"gold_loss":0},{"damage_healed":0,"gold_gain":0,"player_choice":"Memory 1","damage_taken":0,"max_hp_gain":0,"max_hp_loss":0,"event_name":"SensoryStone","floor":45,"gold_loss":0}],"is_beta":true,"boss_relics":[{"not_picked":["White Beast Statue","Lizard Tail"],"picked":"Busted Crown"},{"not_picked":["Calling Bell","Fusion Hammer"],"picked":"Coffee Dripper"}],"items_purged_floors":[4],"is_endless":false,"potions_floor_spawned":[14,16,18,24,27,31,33,37,41,42,44],"killed_by":"Giant Head","ascension_level":20}