{"gold_per_floor":[117,132,149,96,96,96,131,131,158,192,203,234,234,245,245,319,319,332,432,132,132,155,155,168,197,276,82,82,82,96,106,106,181,181,193,210,3,22,22,53,53,80,107,136,136,146,146,161,161,161,161,161,161,17,42,42],"floor_reached":57,"playtime":5732,"items_purged":["Strike_B","Strike_B"],"score":3006,"play_id":"468b0c77-2ad4-420e-b0d5-6a2720899ebf","local_time":"20190124162801","is_ascension_mode":true,"campfire_choices":[{"data":"Buffer","floor":6,"key":"SMITH"},{"floor":8,"key":"REST"},{"data":"Defragment","floor":13,"key":"SMITH"},{"data":"Sunder","floor":15,"key":"SMITH"},{"floor":23,"key":"REST"},{"floor":29,"key":"REST"},{"data":"Apotheosis","floor":32,"key":"SMITH"},{"data":"Echo Form","floor":41,"key":"SMITH"},{"floor":45,"key":"RECALL"},{"data":"Heatsinks","floor":49,"key":"SMITH"},{"floor":53,"key":"REST"}],"neow_cost":"NONE","seed_source_timestamp":105994812722901,"circlet_count":0,"master_deck":["AscendersBane","Strike_B","Defend_B","Defend_B+1","Defend_B+1","Defend_B","Zap","Dualcast","Coolheaded","Buffer+1","Compile Driver","Sunder+1","Biased Cognition+1","Conserve Battery","Defragment+1","Hologram","Electrodynamics","Genetic Algorithm","Ball Lightning+1","Coolheaded","Blizzard","Apotheosis+1","Hologram","Echo Form+1","Storm","Undo","Heatsinks+1","Glacier","All For One+1","Heatsinks","Consume"],"relics":["Cracked Core","Omamori","War Paint","Orichalcum","Pen Nib","Letter Opener","Velvet Choker","Torii","Kunai","DataDisk","Nilry\u0027s Codex","Anchor","Dodecahedron","NlothsMask","Snecko Eye","Oddly Smooth Stone","Lantern","Boot","Molten Egg 2","Symbiotic Virus"],"potions_floor_usage":[7,12,16,19,56,56],"damage_taken":[{"damage":0,"enemies":"Cultist","floor":1,"turns":3},{"damage":11,"enemies":"Small Slimes","floor":2,"turns":5},{"damage":2,"enemies":"Jaw Worm","floor":3,"turns":4},{"damage":30,"enemies":"3 Sentries","floor":7,"turns":10},{"damage":0,"enemies":"Lagavulin","floor":10,"turns":7},{"damage":0,"enemies":"Blue Slaver","floor":11,"turns":3},{"damage":4,"enemies":"3 Sentries","floor":12,"turns":7},{"damage":0,"enemies":"2 Fungi Beasts","floor":14,"turns":4},{"damage":2,"enemies":"The Guardian","floor":16,"turns":9},{"damage":0,"enemies":"Spheric Guardian","floor":18,"turns":4},{"damage":14,"enemies":"Colosseum Slavers","floor":19,"turns":4},{"damage":0,"enemies":"Colosseum Nobs","floor":19,"turns":4},{"damage":9,"enemies":"2 Thieves","floor":24,"turns":3},{"damage":7,"enemies":"Gremlin Leader","floor":25,"turns":6},{"damage":1,"enemies":"Snake Plant","floor":30,"turns":4},{"damage":0,"enemies":"Snecko","floor":31,"turns":6},{"damage":1,"enemies":"Champ","floor":33,"turns":20},{"damage":1,"enemies":"3 Shapes","floor":35,"turns":18},{"damage":0,"enemies":"3 Darklings","floor":36,"turns":4},{"damage":0,"enemies":"Jaw Worm Horde","floor":38,"turns":3},{"damage":1,"enemies":"Giant Head","floor":40,"turns":6},{"damage":0,"enemies":"Nemesis","floor":42,"turns":9},{"damage":0,"enemies":"Reptomancer","floor":44,"turns":7},{"damage":0,"enemies":"Sphere and 2 Shapes","floor":46,"turns":3},{"damage":0,"enemies":"4 Shapes","floor":48,"turns":6},{"damage":27,"enemies":"Time Eater","floor":50,"turns":10},{"damage":0,"enemies":"Donu and Deca","floor":51,"turns":6},{"damage":0,"enemies":"Shield and Spear","floor":55,"turns":4},{"damage":25,"enemies":"The Heart","floor":56,"turns":8}],"seed_played":"6372705978557422338","potions_obtained":[{"floor":10,"key":"Regen Potion"},{"floor":11,"key":"LiquidBronze"},{"floor":12,"key":"Energy Potion"},{"floor":18,"key":"PowerPotion"},{"floor":19,"key":"FearPotion"},{"floor":33,"key":"PowerPotion"},{"floor":35,"key":"PowerPotion"}],"is_trial":false,"path_per_floor":["M","M","M","$","?","R","E","R","T","E","M","E","R","M","R","B",null,"M","?","$","?","T","R","M","E","T","$","?","R","M","M","R","B",null,"M","M","$","M","?","E","R","E","T","E","R","M","?","M","R","B","B",null,"R","$","E","B",null],"character_chosen":"DEFECT","items_purchased":["SkillPotion","DataDisk","Coolheaded","Apotheosis","Oddly Smooth Stone","Heatsinks","Heatsinks"],"campfire_rested":4,"item_purchase_floors":[4,20,20,27,37,37,54],"current_hp_per_floor":[64,53,51,51,44,44,14,35,35,35,35,46,46,46,46,44,64,64,50,50,29,29,50,41,34,34,34,34,55,54,54,54,53,67,66,66,66,66,71,70,70,70,70,70,70,70,70,70,70,43,43,64,71,71,71,46],"gold":42,"neow_bonus":"RANDOM_COMMON_RELIC","is_prod":false,"is_daily":false,"chose_seed":false,"campfire_upgraded":6,"win_rate":0,"timestamp":1548376081,"path_taken":["M","M","?","?","?","R","E","R","T","E","M","E","R","M","R","BOSS","M","?","$","?","?","R","M","E","T","$","?","R","M","M","R","BOSS","M","M","$","M","?","E","R","E","T","E","R","M","?","?","R","BOSS","BOSS","R","$","E","BOSS"],"build_version":"2019-01-23","purchased_purges":2,"victory":true,"max_hp_per_floor":[71,71,71,71,71,71,71,71,71,71,71,71,71,71,71,71,71,71,71,71,71,71,71,71,71,71,71,71,71,71,71,71,71,71,71,71,71,71,71,71,71,71,71,71,71,71,71,71,71,71,71,71,71,71,71,71],"card_choices":[{"not_picked":["Compile Driver","Blizzard"],"picked":"Coolheaded","floor":1},{"not_picked":["Heatsinks","Rebound"],"picked":"Buffer","floor":2},{"not_picked":["Hologram","Rebound"],"picked":"Compile Driver","floor":3},{"not_picked":["Heatsinks","Redo"],"picked":"Sunder","floor":7},{"not_picked":["Coolheaded","Conserve Battery"],"picked":"Biased Cognition","floor":10},{"not_picked":["Go for the Eyes","Turbo"],"picked":"Conserve Battery","floor":11},{"not_picked":["Scrape","Redo"],"picked":"Defragment","floor":12},{"not_picked":["Streamline","Auto Shields"],"picked":"Hologram","floor":14},{"not_picked":["Fission","Buffer"],"picked":"Electrodynamics","floor":16},{"not_picked":["Conserve Battery","Sweeping Beam"],"picked":"Genetic Algorithm","floor":18},{"not_picked":["Gash","Sunder"],"picked":"Ball Lightning+1","floor":19},{"not_picked":["Turbo","Gash","Melter"],"picked":"SKIP","floor":24},{"not_picked":["Sweeping Beam","FTL+1"],"picked":"Blizzard","floor":25},{"not_picked":["Compile Driver","Blizzard"],"picked":"Hologram","floor":30},{"not_picked":["Beam Cell+1","Barrage","Go for the Eyes"],"picked":"SKIP","floor":31},{"not_picked":["Machine Learning","Core Surge"],"picked":"Echo Form","floor":33},{"not_picked":["Conserve Battery","Leap"],"picked":"Storm","floor":35},{"not_picked":["Cold Snap","Beam Cell+1"],"picked":"Undo","floor":36},{"not_picked":["Leap","Gash+1","Sweeping Beam+1"],"picked":"SKIP","floor":38},{"not_picked":["Stack","Sunder+1","Steam Power"],"picked":"SKIP","floor":40},{"not_picked":["Sunder","Streamline"],"picked":"Glacier","floor":42},{"not_picked":["Redo","Compile Driver","Undo"],"picked":"SKIP","floor":44},{"not_picked":["Beam Cell+1","Rebound+1"],"picked":"All For One+1","floor":46},{"not_picked":["Redo","Ball Lightning+1","Compile Driver+1"],"picked":"SKIP","floor":48},{"not_picked":["Streamline+1","Lockon+1"],"picked":"Consume","floor":55}],"player_experience":4496354,"relics_obtained":[{"floor":7,"key":"War Paint"},{"floor":9,"key":"Orichalcum"},{"floor":10,"key":"Pen Nib"},{"floor":12,"key":"Letter Opener"},{"floor":19,"key":"Torii"},{"floor":19,"key":"Kunai"},{"floor":21,"key":"Nilry\u0027s Codex"},{"floor":25,"key":"Anchor"},{"floor":26,"key":"Dodecahedron"},{"floor":40,"key":"Lantern"},{"floor":42,"key":"Boot"},{"floor":44,"key":"Molten Egg 2"},{"floor":55,"key":"Symbiotic Virus"}],"event_choices":[{"cards_removed":["Strike_B"],"damage_healed":0,"gold_gain":0,"player_choice":"Card Removal","damage_taken":7,"max_hp_gain":0,"max_hp_loss":0,"event_name":"Golden Wing","floor":5,"gold_loss":0},{"damage_healed":0,"gold_gain":0,"player_choice":"Fight","damage_taken":0,"max_hp_gain":0,"max_hp_loss":0,"event_name":"Colosseum","floor":19,"gold_loss":0},{"damage_healed":0,"gold_gain":0,"player_choice":"Fought Nobs","damage_taken":0,"max_hp_gain":0,"max_hp_loss":0,"event_name":"Colosseum","floor":19,"gold_loss":0},{"damage_healed":0,"gold_gain":0,"player_choice":"Obtained Book","damage_taken":21,"max_hp_gain":0,"max_hp_loss":0,"event_name":"Cursed Tome","floor":21,"gold_loss":0},{"damage_healed":0,"gold_gain":0,"player_choice":"Trade","damage_taken":0,"relics_obtained":["NlothsMask"],"max_hp_gain":0,"max_hp_loss":0,"event_name":"FaceTrader","floor":28,"gold_loss":0},{"damage_healed":14,"gold_gain":0,"player_choice":"Writhe","damage_taken":0,"max_hp_gain":0,"max_hp_loss":0,"event_name":"Winding Halls","floor":39,"gold_loss":0,"cards_obtained":["Writhe"]},{"damage_healed":0,"gold_gain":0,"player_choice":"Upgraded","damage_taken":0,"max_hp_gain":0,"max_hp_loss":0,"event_name":"Upgrade Shrine","floor":47,"gold_loss":0,"cards_upgraded":["Biased Cognition"]}],"is_beta":true,"boss_relics":[{"not_picked":["Sozu","Black Star"],"picked":"Velvet Choker"},{"not_picked":["Philosopher\u0027s Stone","Lizard Tail"],"picked":"Snecko Eye"}],"items_purged_floors":[20,54],"is_endless":false,"potions_floor_spawned":[10,11,12,14,18,19,25,33,35,40,44,46,55],"ascension_level":20}