{"gold_per_floor":[110,123,43,60,60,60,95,107,107,107],"floor_reached":10,"playtime":434,"items_purged":[],"score":136,"play_id":"afa17b18-d301-443c-bb9d-707142a519c9","local_time":"20190131141717","is_ascension_mode":true,"campfire_choices":[{"data":"Conserve Battery","floor":6,"key":"SMITH"}],"neow_cost":"NONE","seed_source_timestamp":188468013789524,"circlet_count":0,"master_deck":["AscendersBane","Strike_B","Strike_B","Strike_B","Defend_B","Defend_B","Defend_B","Defend_B","Zap+1","Dualcast","Conserve Battery+1","Rip and Tear","Defragment"],"relics":["Cracked Core","Sundial","Pear"],"potions_floor_usage":[7,7,10],"damage_taken":[{"damage":0,"enemies":"Cultist","floor":1,"turns":3},{"damage":0,"enemies":"Jaw Worm","floor":2,"turns":4},{"damage":0,"enemies":"2 Louse","floor":4,"turns":2},{"damage":20,"enemies":"3 Sentries","floor":7,"turns":8},{"damage":17,"enemies":"Gremlin Gang","floor":8,"turns":4},{"damage":54,"enemies":"Gremlin Nob","floor":10,"turns":4}],"seed_played":"2318523670186520793","potions_obtained":[{"floor":1,"key":"Strength Potion"},{"floor":2,"key":"SteroidPotion"},{"floor":8,"key":"PowerPotion"}],"is_trial":false,"path_per_floor":["M","M","$","M","?","R","E","M","T","E"],"character_chosen":"DEFECT","items_purchased":["Rip and Tear"],"campfire_rested":0,"item_purchase_floors":[3],"current_hp_per_floor":[64,64,64,64,57,57,37,20,30,0],"gold":107,"neow_bonus":"UPGRADE_CARD","is_prod":false,"is_daily":false,"chose_seed":false,"campfire_upgraded":1,"win_rate":0,"timestamp":1548973037,"path_taken":["M","?","$","M","?","R","E","M","T","E"],"build_version":"2019-01-23","purchased_purges":0,"victory":false,"max_hp_per_floor":[71,71,71,71,71,71,71,71,81,81],"card_choices":[{"not_picked":["Melter","Auto Shields"],"picked":"Conserve Battery","floor":1},{"not_picked":["Leap","Blizzard","Streamline"],"picked":"SKIP","floor":2},{"not_picked":["Auto Shields","Lockon","Steam"],"picked":"SKIP","floor":4},{"not_picked":["Conserve Battery","Cold Snap"],"picked":"Defragment","floor":7},{"not_picked":["Beam Cell","Leap","Turbo"],"picked":"SKIP","floor":8}],"player_experience":4607746,"relics_obtained":[{"floor":7,"key":"Sundial"},{"floor":9,"key":"Pear"}],"event_choices":[{"cards_removed":["Strike_B"],"damage_healed":0,"gold_gain":0,"player_choice":"Card Removal","damage_taken":7,"max_hp_gain":0,"max_hp_loss":0,"event_name":"Golden Wing","floor":5,"gold_loss":0}],"is_beta":true,"boss_relics":[],"items_purged_floors":[],"is_endless":false,"potions_floor_spawned":[1,2,8],"killed_by":"Gremlin Nob","ascension_level":20}