{"gold_per_floor":[122,284,306,328,35,35,67,81,81,81,111,111,111,111,111,189,189,207,257,275,29,46,46],"floor_reached":23,"playtime":1486,"items_purged":["Doubt","Strike_B"],"score":448,"play_id":"c0b8d284-2eca-4da4-92d2-0346c509aada","local_time":"20190125183453","is_ascension_mode":true,"campfire_choices":[{"data":"Zap","floor":6,"key":"SMITH"},{"floor":10,"key":"REST"},{"floor":13,"key":"REST"},{"data":"Electrodynamics","floor":15,"key":"SMITH"}],"neow_cost":"NONE","seed_source_timestamp":204288657316686,"circlet_count":0,"master_deck":["AscendersBane","Strike_B","Strike_B","Strike_B","Defend_B","Defend_B","Defend_B","Defend_B","Zap+1","Dualcast","Melter","Hologram","Electrodynamics+1","Glacier","BootSequence","Seek","Coolheaded","Recycle","Good Instincts","Conserve Battery"],"relics":["Cracked Core","MawBank","Runic Capacitor","PreservedInsect","StoneCalendar","Runic Pyramid"],"potions_floor_usage":[11,16,22,23],"damage_taken":[{"damage":4,"enemies":"Jaw Worm","floor":1,"turns":4},{"damage":3,"enemies":"2 Louse","floor":3,"turns":3},{"damage":5,"enemies":"Small Slimes","floor":4,"turns":2},{"damage":42,"enemies":"3 Sentries","floor":7,"turns":9},{"damage":7,"enemies":"Looter","floor":8,"turns":3},{"damage":0,"enemies":"Gremlin Nob","floor":11,"turns":3},{"damage":19,"enemies":"Hexaghost","floor":16,"turns":10},{"damage":15,"enemies":"2 Thieves","floor":18,"turns":3},{"damage":0,"enemies":"Shell Parasite","floor":20,"turns":6},{"damage":8,"enemies":"Chosen and Byrds","floor":22,"turns":5},{"damage":40,"enemies":"Book of Stabbing","floor":23,"turns":5}],"seed_played":"1096113208381749365","potions_obtained":[{"floor":1,"key":"Weak Potion"},{"floor":4,"key":"FearPotion"},{"floor":20,"key":"SkillPotion"}],"is_trial":false,"path_per_floor":["M","?","M","M","$","R","E","M","T","R","E","?","R","?","R","B",null,"M","?","M","$","M","E"],"character_chosen":"DEFECT","items_purchased":["Runic Capacitor","Good Instincts","Poison Potion"],"campfire_rested":2,"item_purchase_floors":[5,21,21],"current_hp_per_floor":[60,60,57,52,52,52,10,3,3,24,24,6,27,32,32,13,60,45,45,45,45,37,0],"gold":46,"neow_bonus":"RANDOM_COMMON_RELIC","is_prod":false,"is_daily":false,"chose_seed":false,"campfire_upgraded":2,"win_rate":0,"timestamp":1548470093,"path_taken":["M","?","M","M","$","R","E","M","T","R","E","?","R","?","R","BOSS","M","?","M","$","M","E"],"build_version":"2019-01-23","purchased_purges":2,"victory":false,"max_hp_per_floor":[71,71,71,71,71,71,71,71,71,71,71,71,71,76,76,76,76,76,76,76,76,76,76],"card_choices":[{"not_picked":["Chaos","Stack","Hello World"],"picked":"SKIP","floor":1},{"not_picked":["Double Energy","Go for the Eyes"],"picked":"Melter","floor":3},{"not_picked":["Leap","Sunder"],"picked":"Hologram","floor":4},{"not_picked":["Darkness","Ball Lightning"],"picked":"Electrodynamics","floor":7},{"not_picked":["Stack","Hologram"],"picked":"Glacier","floor":8},{"not_picked":["Barrage","Turbo"],"picked":"BootSequence","floor":11},{"not_picked":["Fission","Amplify"],"picked":"Seek","floor":16},{"not_picked":["Streamline","Loop"],"picked":"Coolheaded","floor":18},{"not_picked":["Rebound","Turbo+1"],"picked":"Recycle","floor":20},{"not_picked":["Barrage","Force Field"],"picked":"Conserve Battery","floor":22}],"player_experience":4519688,"relics_obtained":[{"floor":7,"key":"PreservedInsect"},{"floor":11,"key":"StoneCalendar"}],"event_choices":[{"damage_healed":0,"gold_gain":150,"player_choice":"AGREE","damage_taken":0,"max_hp_gain":0,"max_hp_loss":0,"event_name":"Liars Game","floor":2,"gold_loss":0,"cards_obtained":["Doubt"]},{"damage_healed":0,"gold_gain":0,"player_choice":"Fled","damage_taken":18,"max_hp_gain":0,"max_hp_loss":0,"event_name":"Scrap Ooze","floor":12,"gold_loss":0},{"damage_healed":0,"gold_gain":0,"player_choice":"Donut","damage_taken":0,"max_hp_gain":5,"max_hp_loss":0,"event_name":"Big Fish","floor":14,"gold_loss":0},{"damage_healed":0,"gold_gain":50,"player_choice":"Stole From Cult","damage_taken":0,"max_hp_gain":0,"max_hp_loss":0,"event_name":"Nest","floor":19,"gold_loss":0}],"is_beta":true,"boss_relics":[{"not_picked":["White Beast Statue","Velvet Choker"],"picked":"Runic Pyramid"}],"items_purged_floors":[5,21],"is_endless":false,"potions_floor_spawned":[1,4,8,20],"killed_by":"Book of Stabbing","ascension_level":20}