{"gold_per_floor":[117,117,117,192,192,235,235,235,235,248,267,267,68,87,87,186,186,207,220,11,11,11,11,11],"floor_reached":24,"playtime":875,"items_purged":["Strike_B"],"score":384,"play_id":"8e69ff8c-f006-49c7-b204-ed75d124ac86","local_time":"20190130152710","is_ascension_mode":true,"campfire_choices":[{"floor":8,"key":"REST"},{"data":"Fission","floor":12,"key":"SMITH"},{"data":"Defragment","floor":15,"key":"SMITH"},{"data":"Apotheosis","floor":23,"key":"SMITH"}],"neow_cost":"NONE","seed_source_timestamp":105819079558099,"circlet_count":0,"master_deck":["AscendersBane","Strike_B","Strike_B+1","Defend_B","Defend_B","Defend_B","Defend_B","Zap","Dualcast","Doom and Gloom+1","Coolheaded","Leap","Fission+1","Defragment+1","Defragment","Biased Cognition","Hologram","Recycle","Apotheosis+1"],"relics":["Cracked Core","Bronze Scales","Golden Idol","Oddly Smooth Stone","Ancient Tea Set","Nuclear Battery"],"potions_floor_usage":[6,16,16],"damage_taken":[{"damage":7,"enemies":"Jaw Worm","floor":1,"turns":2},{"damage":25,"enemies":"Lagavulin","floor":6,"turns":4},{"damage":0,"enemies":"2 Louse","floor":10,"turns":1},{"damage":2,"enemies":"Small Slimes","floor":11,"turns":3},{"damage":0,"enemies":"Blue Slaver","floor":14,"turns":4},{"damage":4,"enemies":"Slime Boss","floor":16,"turns":7},{"damage":13,"enemies":"Chosen","floor":18,"turns":5},{"damage":0,"enemies":"Spheric Guardian","floor":19,"turns":3},{"damage":49,"enemies":"Gremlin Leader","floor":24,"turns":5}],"seed_played":"-809507943163581601","potions_obtained":[{"floor":1,"key":"AttackPotion"},{"floor":11,"key":"Regen Potion"}],"is_trial":false,"path_per_floor":["M","?","?","?","?","E","?","R","T","M","M","R","$","M","R","B",null,"M","M","$","?","$","R","E"],"character_chosen":"DEFECT","items_purchased":["Defragment","FocusPotion","Apotheosis"],"campfire_rested":1,"item_purchase_floors":[13,13,20],"current_hp_per_floor":[57,57,38,27,27,2,2,21,21,21,19,19,19,19,19,30,56,43,43,43,43,43,43,0],"gold":11,"neow_bonus":"RANDOM_COMMON_RELIC","is_prod":false,"is_daily":false,"chose_seed":false,"campfire_upgraded":3,"win_rate":0,"timestamp":1548890830,"path_taken":["M","?","?","?","?","E","?","R","T","M","?","R","$","M","R","BOSS","M","M","?","?","$","R","E"],"build_version":"2019-01-23","purchased_purges":1,"victory":false,"max_hp_per_floor":[71,64,64,64,64,64,64,64,64,64,64,64,64,64,64,64,64,64,64,64,64,64,64,64],"card_choices":[{"not_picked":["BootSequence","Steam"],"picked":"Doom and Gloom","floor":1},{"not_picked":["Compile Driver","Go for the Eyes"],"picked":"Coolheaded","floor":6},{"not_picked":["Rebound","Compile Driver"],"picked":"Leap","floor":10},{"not_picked":["Stack","Loop"],"picked":"Fission","floor":11},{"not_picked":["Streamline","Steam"],"picked":"Defragment","floor":14},{"not_picked":["Buffer","Meteor Strike"],"picked":"Biased Cognition","floor":16},{"not_picked":["Blizzard","Turbo"],"picked":"Hologram","floor":18},{"not_picked":["Auto Shields","Turbo+1"],"picked":"Recycle","floor":19}],"player_experience":4591660,"relics_obtained":[{"floor":6,"key":"Oddly Smooth Stone"},{"floor":9,"key":"Ancient Tea Set"}],"event_choices":[{"damage_healed":0,"gold_gain":0,"player_choice":"Lose Max HP","damage_taken":0,"relics_obtained":["Golden Idol"],"max_hp_gain":0,"max_hp_loss":7,"event_name":"Golden Idol","floor":2,"gold_loss":0},{"damage_healed":0,"gold_gain":0,"player_choice":"Entered Light","damage_taken":19,"max_hp_gain":0,"max_hp_loss":0,"event_name":"Shining Light","floor":3,"gold_loss":0,"cards_upgraded":["Doom and Gloom","Strike_B"]},{"damage_healed":0,"gold_gain":75,"player_choice":"Gather Gold","damage_taken":11,"max_hp_gain":0,"max_hp_loss":0,"event_name":"World of Goop","floor":4,"gold_loss":0},{"damage_healed":0,"gold_gain":0,"player_choice":"Fled","damage_taken":0,"max_hp_gain":0,"max_hp_loss":0,"event_name":"Scrap Ooze","floor":5,"gold_loss":0},{"cards_removed":["Strike_B"],"damage_healed":0,"gold_gain":0,"player_choice":"Forget","damage_taken":0,"max_hp_gain":0,"max_hp_loss":0,"event_name":"Living Wall","floor":7,"gold_loss":0},{"damage_healed":0,"gold_gain":0,"player_choice":"Ignored","damage_taken":0,"max_hp_gain":0,"max_hp_loss":0,"event_name":"N\u0027loth","floor":21,"gold_loss":0}],"is_beta":true,"boss_relics":[{"not_picked":["Runic Dome","Inserter"],"picked":"Nuclear Battery"}],"items_purged_floors":[13],"is_endless":false,"potions_floor_spawned":[1,11,14],"killed_by":"Gremlin Leader","ascension_level":20}