{"gold_per_floor":[369,369,388,388,404,404,38,54,54,68,102,102,118,156,156,156],"floor_reached":16,"playtime":907,"items_purged":[],"score":224,"play_id":"becd061d-cea6-4e96-ab8c-51c1e930c891","local_time":"20190131140926","is_ascension_mode":true,"campfire_choices":[{"data":"Neutralize","floor":6,"key":"SMITH"},{"floor":12,"key":"REST"},{"floor":15,"key":"REST"}],"neow_cost":"PERCENT_DAMAGE","seed_source_timestamp":187524347620107,"circlet_count":0,"master_deck":["AscendersBane","Defend_G","Defend_G","Defend_G","Defend_G","Defend_G","Strike_G","Strike_G","Strike_G","Strike_G","Survivor","Neutralize+1","Quick Slash","Finisher","Cloak And Dagger","Crippling Poison+1","Quick Slash","Dodge and Roll+1","Blade Dance+1","Cloak And Dagger+1","Deflect+1"],"relics":["Ring of the Snake","Golden Idol","Toxic Egg 2","Bottled Lightning","Dodecahedron","Orichalcum"],"potions_floor_usage":[11,14,16,16,16,16],"damage_taken":[{"damage":0,"enemies":"Small Slimes","floor":1,"turns":4},{"damage":0,"enemies":"2 Louse","floor":3,"turns":4},{"damage":1,"enemies":"Cultist","floor":5,"turns":4},{"damage":3,"enemies":"Looter","floor":8,"turns":3},{"damage":0,"enemies":"2 Fungi Beasts","floor":10,"turns":3},{"damage":21,"enemies":"Gremlin Nob","floor":11,"turns":4},{"damage":0,"enemies":"Large Slime","floor":13,"turns":5},{"damage":17,"enemies":"Lagavulin","floor":14,"turns":6},{"damage":32,"enemies":"Slime Boss","floor":16,"turns":9}],"seed_played":"-8478143930030472107","potions_obtained":[{"floor":5,"key":"LiquidBronze"},{"floor":8,"key":"Energy Potion"},{"floor":11,"key":"GamblersBrew"},{"floor":13,"key":"Dexterity Potion"},{"floor":14,"key":"EntropicBrew"}],"is_trial":false,"path_per_floor":["M","?","M","?","M","R","$","M","T","M","E","R","M","E","R","B"],"character_chosen":"THE_SILENT","items_purchased":["Toxic Egg 2","Crippling Poison+1"],"campfire_rested":2,"item_purchase_floors":[7,7],"current_hp_per_floor":[44,37,37,37,36,36,36,33,33,33,12,30,30,13,31,0],"gold":156,"neow_bonus":"TWO_FIFTY_GOLD","is_prod":false,"is_daily":false,"chose_seed":false,"campfire_upgraded":1,"win_rate":0,"timestamp":1548972566,"path_taken":["M","?","M","?","M","R","$","M","T","M","E","R","M","E","R","BOSS"],"build_version":"2019-01-23","purchased_purges":0,"victory":false,"max_hp_per_floor":[66,66,66,60,60,60,60,60,60,60,60,60,60,60,60,60],"card_choices":[{"not_picked":["PiercingWail","Tactician"],"picked":"Quick Slash","floor":1},{"not_picked":["Deflect","Blade Dance"],"picked":"Finisher","floor":3},{"not_picked":["Poisoned Stab","Deflect"],"picked":"Cloak And Dagger","floor":5},{"not_picked":["Finisher","Sucker Punch"],"picked":"Quick Slash","floor":8},{"not_picked":["Poisoned Stab","Sucker Punch"],"picked":"Dodge and Roll+1","floor":10},{"not_picked":["Envenom","Choke"],"picked":"Blade Dance+1","floor":11},{"not_picked":["Calculated Gamble+1","Tactician+1"],"picked":"Cloak And Dagger+1","floor":13},{"not_picked":["Leg Sweep+1","Flying Knee"],"picked":"Deflect+1","floor":14}],"player_experience":4606839,"relics_obtained":[{"floor":9,"key":"Bottled Lightning"},{"floor":11,"key":"Dodecahedron"},{"floor":14,"key":"Orichalcum"}],"event_choices":[{"cards_removed":["Strike_G"],"damage_healed":0,"gold_gain":0,"player_choice":"Card Removal","damage_taken":7,"max_hp_gain":0,"max_hp_loss":0,"event_name":"Golden Wing","floor":2,"gold_loss":0},{"damage_healed":0,"gold_gain":0,"player_choice":"Lose Max HP","damage_taken":0,"relics_obtained":["Golden Idol"],"max_hp_gain":0,"max_hp_loss":6,"event_name":"Golden Idol","floor":4,"gold_loss":0}],"is_beta":true,"boss_relics":[],"items_purged_floors":[],"is_endless":false,"potions_floor_spawned":[5,8,11,13,14],"killed_by":"Slime Boss","ascension_level":20}