{"gold_per_floor":[115,115,10,24,24,51,51,86,133,144,144,179,195,195,195,195],"floor_reached":16,"playtime":932,"items_purged":[],"score":236,"play_id":"bfdd3861-88d3-4342-8cc4-8d48e57ccbd2","local_time":"20190128142555","is_ascension_mode":true,"campfire_choices":[{"floor":7,"key":"REST"},{"floor":11,"key":"REST"},{"floor":15,"key":"REST"}],"neow_cost":"PERCENT_DAMAGE","seed_source_timestamp":449105893649909,"circlet_count":0,"master_deck":["AscendersBane","Strike_B","Strike_B","Strike_B","Defend_B","Defend_B","Defend_B","Defend_B","Zap","Dualcast","FTL","Gash","Leap","Static Discharge","Gash","Fission","Coolheaded"],"relics":["Cracked Core","Peace Pipe","Pen Nib","Du-Vu Doll","Happy Flower","Anchor","Turnip"],"potions_floor_usage":[6,10,12,16],"damage_taken":[{"damage":4,"enemies":"2 Louse","floor":1,"turns":5},{"damage":0,"enemies":"Cultist","floor":4,"turns":3},{"damage":16,"enemies":"Lagavulin","floor":6,"turns":8},{"damage":27,"enemies":"3 Sentries","floor":8,"turns":7},{"damage":0,"enemies":"Jaw Worm","floor":10,"turns":3},{"damage":30,"enemies":"Gremlin Nob","floor":12,"turns":5},{"damage":2,"enemies":"Exordium Wildlife","floor":13,"turns":5},{"damage":32,"enemies":"Hexaghost","floor":16,"turns":9}],"seed_played":"7420209579262344046","potions_obtained":[{"floor":8,"key":"Regen Potion"},{"floor":10,"key":"Ancient Potion"},{"floor":13,"key":"Dexterity Potion"}],"is_trial":false,"path_per_floor":["M","?","$","M","?","E","R","E","T","M","R","E","M","?","R","B"],"character_chosen":"DEFECT","items_purchased":["Gash","Block Potion"],"campfire_rested":3,"item_purchase_floors":[3,3],"current_hp_per_floor":[42,42,42,42,31,15,36,9,9,18,39,9,7,7,28,0],"gold":195,"neow_bonus":"ONE_RARE_RELIC","is_prod":false,"is_daily":false,"chose_seed":false,"campfire_upgraded":0,"win_rate":0,"timestamp":1548714355,"path_taken":["M","?","?","M","?","E","R","E","T","M","R","E","?","?","R","BOSS"],"build_version":"2019-01-23","purchased_purges":0,"victory":false,"max_hp_per_floor":[71,71,71,71,71,71,71,71,71,71,71,71,71,71,71,71],"card_choices":[{"not_picked":["Rebound","Turbo"],"picked":"FTL","floor":1},{"not_picked":["Sunder","Loop"],"picked":"Leap","floor":4},{"not_picked":["Storm","Tempest"],"picked":"Static Discharge","floor":6},{"not_picked":["Ball Lightning","Scrape"],"picked":"Gash","floor":8},{"not_picked":["Auto Shields","Reprogram"],"picked":"Fission","floor":10},{"not_picked":["Beam Cell","Leap","Stack"],"picked":"SKIP","floor":12},{"not_picked":["Melter","Streamline"],"picked":"Coolheaded","floor":13}],"player_experience":4559287,"relics_obtained":[{"floor":6,"key":"Du-Vu Doll"},{"floor":8,"key":"Happy Flower"},{"floor":9,"key":"Anchor"},{"floor":12,"key":"Turnip"}],"event_choices":[{"cards_removed":["Strike_B"],"damage_healed":0,"gold_gain":0,"player_choice":"Offered Basic","damage_taken":0,"max_hp_gain":0,"max_hp_loss":0,"event_name":"Bonfire Elementals","floor":2,"gold_loss":0},{"damage_healed":0,"gold_gain":0,"player_choice":"Success","damage_taken":11,"relics_obtained":["Pen Nib"],"max_hp_gain":0,"max_hp_loss":0,"event_name":"Scrap Ooze","floor":5,"gold_loss":0},{"damage_healed":0,"gold_gain":0,"player_choice":"Ignored","damage_taken":0,"max_hp_gain":0,"max_hp_loss":0,"event_name":"Golden Wing","floor":14,"gold_loss":0}],"is_beta":true,"boss_relics":[],"items_purged_floors":[],"is_endless":false,"potions_floor_spawned":[8,10,13],"killed_by":"Hexaghost","ascension_level":20}