{"gold_per_floor":[368,385,5,5,21,21,54,68,145,145,178,201,217,257,257,257],"floor_reached":16,"playtime":1247,"items_purged":[],"score":244,"play_id":"2a06d16c-d5d1-4cb1-98c1-dfba29312e02","local_time":"20190122113510","is_ascension_mode":true,"campfire_choices":[{"data":"Neutralize","floor":6,"key":"SMITH"},{"floor":10,"key":"REST"},{"floor":15,"key":"REST"}],"neow_cost":"TEN_PERCENT_HP_LOSS","seed_source_timestamp":363451849857622,"circlet_count":0,"master_deck":["AscendersBane","Defend_G","Defend_G","Defend_G","Defend_G","Defend_G","Strike_G","Strike_G","Strike_G","Strike_G","Strike_G","Survivor","Neutralize+1","Noxious Fumes","Flying Knee","Caltrops","Adrenaline","Leg Sweep","Well Laid Plans"],"relics":["Ring of the Snake","Mummified Hand","Golden Idol","Shovel","Letter Opener","Pen Nib","Smiling Mask"],"potions_floor_usage":[7,14,14],"damage_taken":[{"damage":1,"enemies":"2 Louse","floor":1,"turns":5},{"damage":2,"enemies":"Jaw Worm","floor":2,"turns":6},{"damage":4,"enemies":"Small Slimes","floor":5,"turns":5},{"damage":18,"enemies":"Gremlin Nob","floor":7,"turns":4},{"damage":2,"enemies":"Looter","floor":8,"turns":4},{"damage":24,"enemies":"Lagavulin","floor":11,"turns":8},{"damage":0,"enemies":"Blue Slaver","floor":12,"turns":3},{"damage":4,"enemies":"Lots of Slimes","floor":13,"turns":3},{"damage":7,"enemies":"Gremlin Nob","floor":14,"turns":4},{"damage":28,"enemies":"Hexaghost","floor":16,"turns":11}],"seed_played":"-1872688293436216386","potions_obtained":[{"floor":7,"key":"Strength Potion"},{"floor":11,"key":"Block Potion"},{"floor":12,"key":"Poison Potion"}],"is_trial":false,"path_per_floor":["?"],"character_chosen":"THE_SILENT","items_purchased":["Mummified Hand","Explosive Potion","Poison Potion"],"campfire_rested":2,"item_purchase_floors":[3,3,3],"current_hp_per_floor":[58,56,56,54,50,50,32,30,30,46,22,22,18,11,27,0],"gold":257,"neow_bonus":"TWO_FIFTY_GOLD","is_prod":false,"is_daily":false,"chose_seed":false,"campfire_upgraded":1,"win_rate":0,"timestamp":1548185710,"path_taken":["M","M","$","?","M","R","E","M","T","R","E","M","M","E","R","BOSS"],"build_version":"2019-01-20","purchased_purges":0,"victory":false,"max_hp_per_floor":[60,60,60,54,54,54,54,54,54,54,54,54,54,54,54,54],"card_choices":[{"not_picked":["Acrobatics","Deadly Poison"],"picked":"Noxious Fumes","floor":1},{"not_picked":["Prepared","Bane"],"picked":"Flying Knee","floor":2},{"not_picked":["Slice","Backflip"],"picked":"Caltrops","floor":5},{"not_picked":["Caltrops","Dagger Spray"],"picked":"Adrenaline","floor":7},{"not_picked":["Heel Hook","Blur","Expertise"],"picked":"SKIP","floor":8},{"not_picked":["PiercingWail","Endless Agony"],"picked":"Leg Sweep","floor":11},{"not_picked":["Slice","Bouncing Flask"],"picked":"Well Laid Plans","floor":12},{"not_picked":["Dagger Spray","Flying Knee","Slice"],"picked":"SKIP","floor":13},{"not_picked":["Slice","Endless Agony","Phantasmal Killer"],"picked":"SKIP","floor":14}],"player_experience":4449272,"relics_obtained":[{"floor":7,"key":"Shovel"},{"floor":9,"key":"Letter Opener"},{"floor":11,"key":"Pen Nib"},{"floor":14,"key":"Smiling Mask"}],"event_choices":[{"damage_healed":0,"gold_gain":0,"player_choice":"Lose Max HP","damage_taken":0,"relics_obtained":["Golden Idol"],"max_hp_gain":0,"max_hp_loss":6,"event_name":"Golden Idol","floor":4,"gold_loss":0}],"is_beta":true,"boss_relics":[],"items_purged_floors":[],"is_endless":false,"potions_floor_spawned":[7,11,12,13],"killed_by":"Hexaghost","ascension_level":20}