{"gold_per_floor":[112,37,57,57,57,98,98,114,160,160,173,173,193,193],"floor_reached":14,"playtime":770,"items_purged":[],"score":180,"play_id":"d83ae0cf-db11-434d-ab2c-7e9397a6dc92","local_time":"20190126135316","is_ascension_mode":true,"campfire_choices":[{"floor":7,"key":"REST"},{"data":"Zap","floor":10,"key":"SMITH"},{"floor":12,"key":"REST"}],"neow_cost":"NONE","seed_source_timestamp":274509273569567,"circlet_count":0,"master_deck":["AscendersBane","Strike_B","Strike_B","Strike_B","Defend_B","Defend_B","Defend_B","Defend_B","Zap+1","Dualcast","Ball Lightning","Hologram","Genetic Algorithm","Seek","Capacitor"],"relics":["Cracked Core","Art of War","Smiling Mask","Golden Idol","Ornamental Fan","Strawberry"],"potions_floor_usage":[6,14],"damage_taken":[{"damage":1,"enemies":"Cultist","floor":1,"turns":4},{"damage":1,"enemies":"2 Louse","floor":3,"turns":2},{"damage":25,"enemies":"Lagavulin","floor":6,"turns":6},{"damage":4,"enemies":"Jaw Worm","floor":8,"turns":3},{"damage":10,"enemies":"3 Louse","floor":11,"turns":3},{"damage":19,"enemies":"Exordium Wildlife","floor":13,"turns":4},{"damage":33,"enemies":"3 Sentries","floor":14,"turns":6}],"seed_played":"-1075475526966439487","potions_obtained":[{"floor":3,"key":"Poison Potion"},{"floor":13,"key":"SpeedPotion"}],"is_trial":false,"path_per_floor":["M","?","M","?","?","E","R","M","T","R","M","R","M","E"],"character_chosen":"DEFECT","items_purchased":[],"campfire_rested":2,"item_purchase_floors":[],"current_hp_per_floor":[63,63,62,36,36,11,30,26,33,33,23,44,25,0],"gold":193,"neow_bonus":"RANDOM_COMMON_RELIC","is_prod":false,"is_daily":false,"chose_seed":false,"campfire_upgraded":1,"win_rate":0,"timestamp":1548539596,"path_taken":["M","?","M","?","?","E","R","M","T","R","M","R","M","E"],"build_version":"2019-01-23","purchased_purges":0,"victory":false,"max_hp_per_floor":[71,71,71,71,64,64,64,64,71,71,71,71,71,71],"card_choices":[{"not_picked":["Auto Shields","Steam"],"picked":"Ball Lightning","floor":1},{"not_picked":["Rebound","Redo"],"picked":"Hologram","floor":3},{"not_picked":["Sweeping Beam","Scrape","Skim"],"picked":"SKIP","floor":6},{"not_picked":["Blizzard","Sweeping Beam"],"picked":"Genetic Algorithm","floor":8},{"not_picked":["Compile Driver","Redo"],"picked":"Seek","floor":11},{"not_picked":["Hologram","Coolheaded"],"picked":"Capacitor","floor":13}],"player_experience":4528611,"relics_obtained":[{"floor":6,"key":"Ornamental Fan"},{"floor":9,"key":"Strawberry"}],"event_choices":[{"cards_removed":["Strike_B"],"damage_healed":0,"gold_gain":0,"player_choice":"Card Removal","damage_taken":0,"max_hp_gain":0,"max_hp_loss":0,"event_name":"The Cleric","floor":2,"gold_loss":75},{"damage_healed":0,"gold_gain":0,"player_choice":"Success","damage_taken":26,"relics_obtained":["Smiling Mask"],"max_hp_gain":0,"max_hp_loss":0,"event_name":"Scrap Ooze","floor":4,"gold_loss":0},{"damage_healed":0,"gold_gain":0,"player_choice":"Lose Max HP","damage_taken":0,"relics_obtained":["Golden Idol"],"max_hp_gain":0,"max_hp_loss":7,"event_name":"Golden Idol","floor":5,"gold_loss":0}],"is_beta":true,"boss_relics":[],"items_purged_floors":[],"is_endless":false,"potions_floor_spawned":[3,13],"killed_by":"3 Sentries","ascension_level":20}