{"gold_per_floor":[114,114,129,141,156,156,188,188,258,333,333,359,369,397,397,471,471,491,41,53,65,81,116,116,116,170,195,195,120,149,199,199,272,272,290,362,381,400,5,38,51,77,77,77,88,88,119,129,129,129,129,129,129,4,31,31],"floor_reached":57,"playtime":6359,"items_purged":["Strike_B","Doubt","Strike_B+1"],"score":3090,"play_id":"2c6c9846-1f7e-4b25-a341-37dd351d7e00","local_time":"20190126160342","is_ascension_mode":true,"campfire_choices":[{"data":"Zap","floor":6,"key":"SMITH"},{"floor":11,"key":"REST"},{"data":"Streamline","floor":15,"key":"SMITH"},{"floor":25,"key":"REST"},{"data":"Buffer","floor":28,"key":"SMITH"},{"data":"Hologram","floor":32,"key":"SMITH"},{"data":"Defragment","floor":44,"key":"SMITH"},{"floor":49,"key":"RECALL"},{"floor":53,"key":"REST"}],"neow_cost":"NONE","seed_source_timestamp":276720939819065,"circlet_count":0,"master_deck":["AscendersBane","Defend_B+1","Defend_B+1","Defend_B+1","Defend_B+1","Zap+1","Dualcast","Glacier","Streamline+1","Gash","Hologram+1","Gash","FTL","Seek","Gash","Scrape","Hologram","Steam","Skim","Compile Driver","Buffer+1","Echo Form","Defragment+1","Undo","Genetic Algorithm","Hologram+1","Coolheaded+1","Seek","Gash","Defragment+1"],"relics":["Cracked Core","Emotion Chip","Letter Opener","Oddly Smooth Stone","PreservedInsect","Black Star","Meat on the Bone","Anchor","Cables","Orichalcum","Art of War","Happy Flower","Turnip","Incense Burner","Cursed Key","Runic Capacitor","Sundial","Boot","Frozen Egg 2","Ancient Tea Set","Question Card","DataDisk","Unceasing Top","Strawberry"],"potions_floor_usage":[4,7,12,22,23,27,37,38,56,56],"damage_taken":[{"damage":4,"enemies":"Jaw Worm","floor":1,"turns":4},{"damage":0,"enemies":"Cultist","floor":3,"turns":4},{"damage":0,"enemies":"2 Louse","floor":4,"turns":2},{"damage":0,"enemies":"2 Fungi Beasts","floor":5,"turns":3},{"damage":28,"enemies":"Gremlin Nob","floor":7,"turns":4},{"damage":0,"enemies":"3 Sentries","floor":12,"turns":5},{"damage":0,"enemies":"Looter","floor":13,"turns":4},{"damage":12,"enemies":"Lagavulin","floor":14,"turns":5},{"damage":37,"enemies":"Slime Boss","floor":16,"turns":15},{"damage":2,"enemies":"Chosen","floor":18,"turns":6},{"damage":6,"enemies":"2 Thieves","floor":20,"turns":4},{"damage":2,"enemies":"Centurion and Healer","floor":21,"turns":6},{"damage":38,"enemies":"Shelled Parasite and Fungi","floor":22,"turns":5},{"damage":10,"enemies":"Book of Stabbing","floor":23,"turns":4},{"damage":5,"enemies":"Gremlin Leader","floor":27,"turns":5},{"damage":6,"enemies":"Slavers","floor":30,"turns":3},{"damage":0,"enemies":"Champ","floor":33,"turns":13},{"damage":0,"enemies":"Orb Walker","floor":35,"turns":4},{"damage":7,"enemies":"3 Darklings","floor":37,"turns":6},{"damage":7,"enemies":"Spire Growth","floor":38,"turns":11},{"damage":0,"enemies":"Giant Head","floor":40,"turns":7},{"damage":0,"enemies":"Transient","floor":41,"turns":6},{"damage":10,"enemies":"Reptomancer","floor":42,"turns":8},{"damage":0,"enemies":"4 Shapes","floor":45,"turns":5},{"damage":11,"enemies":"Nemesis","floor":47,"turns":7},{"damage":0,"enemies":"Writhing Mass","floor":48,"turns":6},{"damage":21,"enemies":"Awakened One","floor":50,"turns":12},{"damage":0,"enemies":"Time Eater","floor":51,"turns":27},{"damage":2,"enemies":"Shield and Spear","floor":55,"turns":8},{"damage":39,"enemies":"The Heart","floor":56,"turns":11}],"seed_played":"3656297358854906029","potions_obtained":[{"floor":1,"key":"SkillPotion"},{"floor":2,"key":"Explosive Potion"},{"floor":2,"key":"Energy Potion"},{"floor":5,"key":"Poison Potion"},{"floor":7,"key":"FairyPotion"},{"floor":12,"key":"SpeedPotion"},{"floor":22,"key":"Dexterity Potion"},{"floor":27,"key":"Energy Potion"},{"floor":33,"key":"Poison Potion"},{"floor":38,"key":"Block Potion"},{"floor":40,"key":"Swift Potion"},{"floor":42,"key":"Ancient Potion"},{"floor":45,"key":"SpeedPotion"}],"is_trial":false,"path_per_floor":["M","?","M","M","M","R","E","?","T","?","R","E","M","E","R","B",null,"M","$","M","M","M","E","?","R","T","E","R","?","E","?","R","B",null,"M","T","M","M","$","E","M","E","T","R","M","T","E","M","R","B","B",null,"R","$","E","B",null],"character_chosen":"DEFECT","items_purchased":["Meat on the Bone","Fire Potion","Scrape","Runic Capacitor","Genetic Algorithm"],"campfire_rested":3,"item_purchase_floors":[19,19,19,39,39],"current_hp_per_floor":[67,67,67,67,67,67,39,39,39,28,51,51,51,39,39,2,59,57,57,51,49,23,25,25,48,48,43,43,43,49,49,49,49,71,71,71,64,57,57,57,57,47,47,47,47,47,48,48,48,39,51,71,78,78,83,44],"gold":31,"neow_bonus":"TEN_PERCENT_HP_BONUS","is_prod":false,"is_daily":false,"chose_seed":false,"campfire_upgraded":5,"win_rate":0,"timestamp":1548547422,"path_taken":["M","?","M","?","M","R","E","?","T","?","R","E","M","E","R","BOSS","M","$","M","M","M","E","?","R","T","E","R","?","E","?","R","BOSS","M","?","M","M","$","E","M","E","T","R","?","?","E","M","R","BOSS","BOSS","R","$","E","BOSS"],"build_version":"2019-01-23","purchased_purges":3,"victory":true,"max_hp_per_floor":[78,78,78,78,78,78,78,78,78,78,78,78,78,78,78,78,78,78,78,78,78,78,78,78,78,78,78,78,78,78,78,78,78,78,78,78,78,78,78,78,78,78,78,78,78,78,78,78,78,78,78,78,78,78,85,85],"card_choices":[{"not_picked":["Steam","Scrape"],"picked":"Glacier","floor":1},{"not_picked":["Turbo","Recycle"],"picked":"Streamline","floor":3},{"not_picked":["Hologram","Cold Snap"],"picked":"Gash","floor":4},{"not_picked":["Compile Driver","Skim"],"picked":"Hologram","floor":5},{"not_picked":["Turbo","Stack","Beam Cell"],"picked":"SKIP","floor":7},{"not_picked":["Compile Driver","Conserve Battery"],"picked":"Gash","floor":12},{"not_picked":["Consume","Ball Lightning"],"picked":"FTL","floor":13},{"not_picked":["Beam Cell","Amplify","Blizzard"],"picked":"SKIP","floor":14},{"not_picked":["Thunder Strike","Meteor Strike"],"picked":"Seek","floor":16},{"not_picked":["Conserve Battery","Cold Snap+1"],"picked":"Gash","floor":18},{"not_picked":["Redo","Gash"],"picked":"Hologram","floor":20},{"not_picked":["Redo","White Noise"],"picked":"Steam","floor":21},{"not_picked":["Sweeping Beam","Compile Driver"],"picked":"Skim","floor":22},{"not_picked":["Turbo","Chill"],"picked":"Compile Driver","floor":23},{"not_picked":["Reprogram","Cold Snap"],"picked":"Buffer","floor":27},{"not_picked":["Stack","Conserve Battery","BootSequence"],"picked":"SKIP","floor":30},{"not_picked":["Seek","Core Surge"],"picked":"Echo Form","floor":33},{"not_picked":["Darkness","Conserve Battery","Streamline"],"picked":"SKIP","floor":35},{"not_picked":["Compile Driver","Conserve Battery"],"picked":"Defragment","floor":37},{"not_picked":["Redo","Static Discharge"],"picked":"Undo","floor":38},{"not_picked":["Barrage","Defragment"],"picked":"Hologram+1","floor":40},{"not_picked":["Barrage","Ball Lightning","Rebound"],"picked":"SKIP","floor":41},{"not_picked":["Sweeping Beam+1","Chill+1","Conserve Battery"],"picked":"SKIP","floor":42},{"not_picked":["Rebound","Reinforced Body+1"],"picked":"Coolheaded+1","floor":45},{"not_picked":["Static Discharge+1","Stack"],"picked":"Seek","floor":47},{"not_picked":["Sweeping Beam","Leap","Redo"],"picked":"Gash","floor":48},{"not_picked":["Chaos+1","Compile Driver+1","Steam"],"picked":"Defragment+1","floor":55}],"player_experience":4530725,"relics_obtained":[{"floor":7,"key":"Emotion Chip"},{"floor":9,"key":"Letter Opener"},{"floor":12,"key":"Oddly Smooth Stone"},{"floor":14,"key":"PreservedInsect"},{"floor":23,"key":"Anchor"},{"floor":23,"key":"Cables"},{"floor":26,"key":"Orichalcum"},{"floor":27,"key":"Art of War"},{"floor":27,"key":"Happy Flower"},{"floor":30,"key":"Turnip"},{"floor":30,"key":"Incense Burner"},{"floor":40,"key":"Sundial"},{"floor":40,"key":"Boot"},{"floor":42,"key":"Frozen Egg 2"},{"floor":42,"key":"Ancient Tea Set"},{"floor":47,"key":"Question Card"},{"floor":47,"key":"DataDisk"},{"floor":55,"key":"Unceasing Top"},{"floor":55,"key":"Strawberry"}],"event_choices":[{"damage_healed":0,"gold_gain":0,"player_choice":"Got Potions","damage_taken":0,"max_hp_gain":0,"max_hp_loss":0,"event_name":"Lab","floor":2,"gold_loss":0},{"cards_removed":["Strike_B"],"damage_healed":0,"gold_gain":0,"player_choice":"Forget","damage_taken":0,"max_hp_gain":0,"max_hp_loss":0,"event_name":"Living Wall","floor":8,"gold_loss":0},{"damage_healed":0,"gold_gain":75,"player_choice":"Gather Gold","damage_taken":11,"max_hp_gain":0,"max_hp_loss":0,"event_name":"World of Goop","floor":10,"gold_loss":0},{"damage_healed":0,"gold_gain":0,"player_choice":"Simplicity","damage_taken":0,"max_hp_gain":0,"max_hp_loss":0,"event_name":"Back to Basics","floor":24,"gold_loss":0,"cards_upgraded":["Strike_B","Strike_B","Defend_B","Defend_B","Defend_B","Defend_B"]},{"cards_removed":["Strike_B"],"damage_healed":0,"gold_gain":0,"player_choice":"Gave Gold","damage_taken":0,"max_hp_gain":0,"max_hp_loss":0,"event_name":"Beggar","floor":29,"gold_loss":75},{"damage_healed":0,"gold_gain":50,"player_choice":"Pray","damage_taken":0,"max_hp_gain":0,"max_hp_loss":0,"event_name":"Golden Shrine","floor":31,"gold_loss":0}],"is_beta":true,"boss_relics":[{"not_picked":["Inserter","Velvet Choker"],"picked":"Black Star"},{"not_picked":["Pandora\u0027s Box","Lizard Tail"],"picked":"Cursed Key"}],"items_purged_floors":[19,39,54],"is_endless":false,"potions_floor_spawned":[1,5,7,12,14,22,27,33,38,40,42,45,55],"ascension_level":20}