{"gold_per_floor":[116,132,132,0,0,0,12,12,12,12,24,54,54,87,87,164,164,175,175],"floor_reached":19,"playtime":1303,"items_purged":[],"score":350,"play_id":"2e6c3bd2-ebcd-4b05-9e7c-bc2184478683","local_time":"20190124131450","is_ascension_mode":true,"campfire_choices":[{"data":"Zap","floor":6,"key":"SMITH"},{"data":"Darkness","floor":8,"key":"SMITH"},{"floor":15,"key":"REST"}],"neow_cost":"NONE","seed_source_timestamp":98869154187610,"circlet_count":0,"master_deck":["AscendersBane","Defend_B","Defend_B","Defend_B","Defend_B","Zap+1","Dualcast","White Noise","Darkness+1","Decay","Ball Lightning","Coolheaded","Darkness+1","Coolheaded","Multi-Cast","Thunder Strike+1","Capacitor+1","Creative AI+1","Steam"],"relics":["Cracked Core","Potion Belt","Bag of Marbles","Mummified Hand","Astrolabe"],"potions_floor_usage":[11,16],"damage_taken":[{"damage":0,"enemies":"Cultist","floor":1,"turns":3},{"damage":4,"enemies":"Small Slimes","floor":2,"turns":4},{"damage":10,"enemies":"2 Louse","floor":7,"turns":4},{"damage":7,"enemies":"Exordium Thugs","floor":11,"turns":3},{"damage":8,"enemies":"Lagavulin","floor":12,"turns":6},{"damage":22,"enemies":"3 Sentries","floor":14,"turns":5},{"damage":15,"enemies":"Hexaghost","floor":16,"turns":7},{"damage":15,"enemies":"Chosen","floor":18,"turns":6},{"damage":57,"enemies":"Masked Bandits","floor":19,"turns":3}],"seed_played":"7033569965385688561","potions_obtained":[{"floor":14,"key":"LiquidBronze"}],"is_trial":false,"path_per_floor":["M","M","T","$","?","R","M","R","T","?","M","E","?","E","R","B",null,"M","?"],"character_chosen":"DEFECT","items_purchased":["Darkness","AttackPotion"],"campfire_rested":1,"item_purchase_floors":[4,4],"current_hp_per_floor":[64,60,60,60,60,60,50,50,50,50,43,35,35,13,34,19,58,43,0],"gold":175,"neow_bonus":"REMOVE_CARD","is_prod":false,"is_daily":false,"chose_seed":false,"campfire_upgraded":2,"win_rate":0,"timestamp":1548364490,"path_taken":["M","M","?","$","?","R","?","R","T","?","M","E","?","E","R","BOSS","M","?"],"build_version":"2019-01-23","purchased_purges":0,"victory":false,"max_hp_per_floor":[71,71,71,71,71,71,71,71,71,71,71,71,71,71,71,71,71,71,71],"card_choices":[{"not_picked":["Hologram","Tempest"],"picked":"White Noise","floor":1},{"not_picked":["Leap","Barrage","Hologram"],"picked":"SKIP","floor":2},{"not_picked":["Coolheaded","Scrape"],"picked":"Ball Lightning","floor":7},{"not_picked":["Loop","Scrape"],"picked":"Coolheaded","floor":11},{"not_picked":["Stack","Cold Snap"],"picked":"Darkness","floor":12},{"not_picked":["Ball Lightning","Barrage"],"picked":"Coolheaded","floor":14},{"not_picked":["Fission","Hyperbeam"],"picked":"Multi-Cast","floor":16},{"not_picked":["Barrage","Streamline+1"],"picked":"Steam","floor":18}],"player_experience":4489564,"relics_obtained":[{"floor":9,"key":"Potion Belt"},{"floor":12,"key":"Bag of Marbles"},{"floor":14,"key":"Mummified Hand"}],"event_choices":[{"damage_healed":0,"gold_gain":0,"player_choice":"Cursed","damage_taken":0,"max_hp_gain":0,"max_hp_loss":0,"event_name":"Wheel of Change","floor":5,"gold_loss":0,"cards_obtained":["Decay"]},{"damage_healed":0,"gold_gain":0,"player_choice":"Leave","damage_taken":0,"max_hp_gain":0,"max_hp_loss":0,"event_name":"The Cleric","floor":10,"gold_loss":0},{"damage_healed":0,"gold_gain":0,"player_choice":"Upgraded","damage_taken":0,"max_hp_gain":0,"max_hp_loss":0,"event_name":"Upgrade Shrine","floor":13,"gold_loss":0,"cards_upgraded":["Darkness"]},{"damage_healed":0,"gold_gain":0,"player_choice":"Fought Bandits","damage_taken":0,"max_hp_gain":0,"max_hp_loss":0,"event_name":"Masked Bandits","floor":19,"gold_loss":0}],"is_beta":true,"boss_relics":[{"not_picked":["Busted Crown","Lizard Tail"],"picked":"Astrolabe"}],"items_purged_floors":[],"is_endless":false,"potions_floor_spawned":[14],"killed_by":"Masked Bandits","ascension_level":20}