{"gold_per_floor":[110,110,124,42,56,85,85,97,97,161,196,215,86,11,11,86,86,97,97,97,147,160,160,190,190,190,202,202,202,215,37,37,110,110,127,141,141,141,151,151,183,202,202,202],"floor_reached":44,"playtime":2496,"items_purged":["Strike_B","Strike_B"],"score":1057,"play_id":"46cf6e02-47e9-4f9b-910d-b1acc3b5534e","local_time":"20190129153211","is_ascension_mode":true,"campfire_choices":[{"floor":7,"key":"REST"},{"floor":15,"key":"REST"},{"data":"Biased Cognition","floor":23,"key":"SMITH"},{"floor":25,"key":"REST"},{"floor":29,"key":"REST"},{"floor":32,"key":"REST"},{"data":"Fission","floor":40,"key":"SMITH"}],"neow_cost":"NONE","seed_source_timestamp":18096386096747,"circlet_count":0,"master_deck":["AscendersBane","Strike_B","Defend_B","Defend_B","Defend_B","Defend_B","Zap","Dualcast","Compile Driver","Ball Lightning","Coolheaded","Ball Lightning","Ball Lightning","Reinforced Body","FTL","Sweeping Beam","Biased Cognition+1","Electrodynamics","Ball Lightning","Conserve Battery","Capacitor+1","Recycle","Hologram","Blizzard","Fission+1","Biased Cognition","Capacitor+1","Coolheaded","Multi-Cast","Parasite"],"relics":["FrozenCore","Bag of Marbles","NlothsMask","Shuriken","Prayer Wheel","Centennial Puzzle","Happy Flower","Bronze Scales","Cursed Key","PreservedInsect"],"potions_floor_usage":[6,10,16,16,24,33,39,42],"damage_taken":[{"damage":0,"enemies":"Cultist","floor":1,"turns":4},{"damage":7,"enemies":"Small Slimes","floor":3,"turns":3},{"damage":11,"enemies":"2 Louse","floor":5,"turns":4},{"damage":21,"enemies":"3 Sentries","floor":6,"turns":6},{"damage":1,"enemies":"Blue Slaver","floor":8,"turns":3},{"damage":6,"enemies":"Gremlin Nob","floor":10,"turns":3},{"damage":15,"enemies":"Lagavulin","floor":11,"turns":8},{"damage":6,"enemies":"Looter","floor":12,"turns":2},{"damage":0,"enemies":"Slime Boss","floor":16,"turns":5},{"damage":15,"enemies":"2 Thieves","floor":18,"turns":4},{"damage":28,"enemies":"3 Byrds","floor":22,"turns":3},{"damage":27,"enemies":"Book of Stabbing","floor":24,"turns":5},{"damage":14,"enemies":"Shelled Parasite and Fungi","floor":27,"turns":5},{"damage":5,"enemies":"Snake Plant","floor":30,"turns":5},{"damage":48,"enemies":"Collector","floor":33,"turns":8},{"damage":1,"enemies":"3 Darklings","floor":35,"turns":2},{"damage":4,"enemies":"3 Shapes","floor":36,"turns":3},{"damage":0,"enemies":"Spire Growth","floor":39,"turns":4},{"damage":35,"enemies":"Nemesis","floor":41,"turns":7},{"damage":13,"enemies":"Transient","floor":42,"turns":6},{"damage":18,"enemies":"Maw","floor":44,"turns":2}],"seed_played":"-8809456289558557294","potions_obtained":[{"floor":3,"key":"Ancient Potion"},{"floor":5,"key":"Fire Potion"},{"floor":10,"key":"Strength Potion"},{"floor":22,"key":"EssenceOfSteel"},{"floor":30,"key":"FocusPotion"},{"floor":33,"key":"Poison Potion"},{"floor":36,"key":"Energy Potion"},{"floor":42,"key":"FearPotion"}],"is_trial":false,"path_per_floor":["M","?","M","$","M","E","R","M","T","?","E","M","$","?","R","B",null,"M","?","?","?","M","R","E","R","T","M","$","R","M","$","R","B",null,"M","M","?","?","M","R","E","M","T","M"],"character_chosen":"DEFECT","items_purchased":["Coolheaded","Ball Lightning","Strength Potion","Fission"],"campfire_rested":5,"item_purchase_floors":[4,4,13,31],"current_hp_per_floor":[64,64,57,57,46,25,46,45,45,39,24,18,18,18,39,39,63,48,62,62,62,34,34,7,28,28,14,14,35,30,30,51,3,54,53,49,49,49,49,49,14,1,1,0],"gold":202,"neow_bonus":"RANDOM_COMMON_RELIC","is_prod":false,"is_daily":false,"chose_seed":false,"campfire_upgraded":2,"win_rate":0,"timestamp":1548804731,"path_taken":["M","?","M","$","?","E","R","M","T","?","E","M","$","?","R","BOSS","M","?","?","?","M","R","E","R","T","M","?","R","M","$","R","BOSS","M","M","?","?","M","R","E","M","T","M"],"build_version":"2019-01-23","purchased_purges":2,"victory":false,"max_hp_per_floor":[71,71,71,71,71,71,71,71,71,71,71,71,71,71,71,71,71,71,71,71,71,71,71,71,71,71,71,71,71,71,71,71,71,71,71,71,67,67,67,67,67,67,67,67],"card_choices":[{"not_picked":["Stack","Barrage"],"picked":"Compile Driver","floor":1},{"not_picked":["Heatsinks","Turbo"],"picked":"Ball Lightning","floor":3},{"not_picked":["Heatsinks","Sweeping Beam"],"picked":"Ball Lightning","floor":5},{"not_picked":["Hologram","Stack"],"picked":"Reinforced Body","floor":6},{"not_picked":["Hologram","Hyperbeam"],"picked":"FTL","floor":8},{"not_picked":["Scrape","Stack"],"picked":"Sweeping Beam","floor":10},{"not_picked":["Conserve Battery","FTL"],"picked":"Biased Cognition","floor":11},{"not_picked":["Barrage","Conserve Battery","Stack"],"picked":"SKIP","floor":12},{"not_picked":["White Noise","Aggregate","Force Field"],"picked":"SKIP","floor":12},{"not_picked":["Creative AI","Multi-Cast"],"picked":"Electrodynamics","floor":16},{"not_picked":["Cold Snap","Barrage"],"picked":"Ball Lightning","floor":18},{"not_picked":["Gash","Ball Lightning"],"picked":"Conserve Battery","floor":18},{"not_picked":["Lockon","Ball Lightning"],"picked":"Capacitor","floor":22},{"not_picked":["Streamline","Compile Driver"],"picked":"Recycle","floor":22},{"not_picked":["Chill","Glacier","Storm"],"picked":"SKIP","floor":24},{"not_picked":["Recycle","Undo"],"picked":"Hologram","floor":27},{"not_picked":["Rip and Tear","Redo+1","Lockon"],"picked":"SKIP","floor":27},{"not_picked":["Go for the Eyes","Ball Lightning"],"picked":"Blizzard","floor":30},{"not_picked":["Hello World","Gash","Streamline"],"picked":"SKIP","floor":30},{"not_picked":["Meteor Strike","All For One"],"picked":"Biased Cognition","floor":33},{"not_picked":["Genetic Algorithm+1","Redo"],"picked":"Capacitor+1","floor":35},{"not_picked":["Cold Snap","Redo+1","Streamline+1"],"picked":"SKIP","floor":35},{"not_picked":["Genetic Algorithm","Streamline","Conserve Battery"],"picked":"SKIP","floor":36},{"not_picked":["Beam Cell","Redo","Self Repair"],"picked":"SKIP","floor":36},{"not_picked":["Force Field","Redo"],"picked":"Coolheaded","floor":39},{"not_picked":["Storm+1","Conserve Battery","Redo"],"picked":"SKIP","floor":39},{"not_picked":["Chaos","Gash"],"picked":"Multi-Cast","floor":41},{"not_picked":["Stack","Sweeping Beam","Blizzard"],"picked":"SKIP","floor":42},{"not_picked":["Compile Driver","Leap","Sweeping Beam"],"picked":"SKIP","floor":42}],"player_experience":4569200,"relics_obtained":[{"floor":6,"key":"Shuriken"},{"floor":10,"key":"Prayer Wheel"},{"floor":11,"key":"Centennial Puzzle"},{"floor":24,"key":"Happy Flower"},{"floor":26,"key":"Bronze Scales"},{"floor":41,"key":"PreservedInsect"}],"event_choices":[{"damage_healed":0,"gold_gain":0,"player_choice":"Trade","damage_taken":0,"relics_obtained":["NlothsMask"],"max_hp_gain":0,"max_hp_loss":0,"event_name":"FaceTrader","floor":2,"gold_loss":0},{"damage_healed":0,"gold_gain":0,"player_choice":"Searched \u00271\u0027 times","damage_taken":0,"max_hp_gain":0,"max_hp_loss":0,"event_name":"Dead Adventurer","floor":10,"gold_loss":0},{"cards_removed":["Strike_B"],"damage_healed":0,"gold_gain":0,"player_choice":"Card Removal","damage_taken":0,"max_hp_gain":0,"max_hp_loss":0,"event_name":"The Cleric","floor":14,"gold_loss":75},{"damage_healed":14,"gold_gain":0,"player_choice":"Heal","damage_taken":0,"max_hp_gain":0,"max_hp_loss":0,"event_name":"The Library","floor":19,"gold_loss":0},{"damage_healed":0,"gold_gain":0,"player_choice":"Ignored","damage_taken":0,"max_hp_gain":0,"max_hp_loss":0,"event_name":"Vampires","floor":20,"gold_loss":0},{"damage_healed":0,"gold_gain":50,"player_choice":"Stole From Cult","damage_taken":0,"max_hp_gain":0,"max_hp_loss":0,"event_name":"Nest","floor":21,"gold_loss":0},{"damage_healed":0,"gold_gain":0,"player_choice":"Max HP","damage_taken":0,"max_hp_gain":0,"max_hp_loss":4,"event_name":"Winding Halls","floor":37,"gold_loss":0},{"damage_healed":0,"gold_gain":0,"player_choice":"Forge","damage_taken":0,"max_hp_gain":0,"max_hp_loss":0,"event_name":"Accursed Blacksmith","floor":38,"gold_loss":0,"cards_upgraded":["Capacitor"]}],"is_beta":true,"boss_relics":[{"not_picked":["Orrery","Lizard Tail"],"picked":"FrozenCore"},{"not_picked":["Calling Bell","Philosopher\u0027s Stone"],"picked":"Cursed Key"}],"items_purged_floors":[13,31],"is_endless":false,"potions_floor_spawned":[3,5,10,22,30,33,36,42],"killed_by":"Maw","ascension_level":20}