{"gold_per_floor":[112,82,98,57,74,74,103,120,120,152,152,178,178,194,194,272,272,284,60,71,71,89,89,118,136,436,450,450,461,494,505,505,583,583,602,602,602,602,613,640,640,673,752,96,96,126,126,126,126,126,126,126,126,15,44,44],"floor_reached":56,"playtime":5405,"items_purged":["Doubt"],"score":2061,"play_id":"325eae9c-1995-4710-ab60-0c0cc40bbf72","local_time":"20190128140939","is_ascension_mode":true,"campfire_choices":[{"data":"Quick Slash","floor":6,"key":"SMITH"},{"floor":11,"key":"REST"},{"floor":15,"key":"REST"},{"data":"Footwork","floor":23,"key":"SMITH"},{"floor":28,"key":"REST"},{"floor":32,"key":"REST"},{"floor":41,"key":"REST"},{"floor":45,"key":"REST"},{"floor":47,"key":"RECALL"},{"data":"Well Laid Plans","floor":49,"key":"SMITH"},{"floor":53,"key":"REST"}],"neow_cost":"NONE","seed_source_timestamp":443661292790057,"circlet_count":0,"master_deck":["AscendersBane","Defend_G","Defend_G","Defend_G","Defend_G","Defend_G","Strike_G","Strike_G","Strike_G","Strike_G","Survivor","Neutralize","Quick Slash+1","Infinite Blades","Footwork+1","Quick Slash","Bouncing Flask","Dash+1","Flying Knee+1","Predator+1","Malaise","PiercingWail","Backflip+1","Well Laid Plans+1","Dodge and Roll","Dodge and Roll","Adrenaline","Backflip","Adrenaline","Prepared+1","Flash of Steel+1","Finesse","Finesse","PiercingWail+1","Corpse Explosion","Backflip","Master of Strategy","Footwork+1","PiercingWail+1","Cloak And Dagger","Infinite Blades","Wraith Form v2"],"relics":["Ring of the Snake","Singing Bowl","Molten Egg 2","Shuriken","Du-Vu Doll","Sozu","Lee\u0027s Waffle","Nloth\u0027s Gift","Vajra","Old Coin","Strawberry","Cursed Key","Bottled Tornado","Juzu Bracelet","DollysMirror","Pen Nib","Bottled Flame","Bottled Lightning"],"potions_floor_usage":[3,8,10,10,12,16],"damage_taken":[{"damage":0,"enemies":"2 Louse","floor":1,"turns":1},{"damage":0,"enemies":"Cultist","floor":3,"turns":1},{"damage":0,"enemies":"Small Slimes","floor":5,"turns":1},{"damage":46,"enemies":"Gremlin Nob","floor":7,"turns":6},{"damage":14,"enemies":"3 Louse","floor":8,"turns":6},{"damage":16,"enemies":"Lagavulin","floor":10,"turns":7},{"damage":11,"enemies":"3 Sentries","floor":12,"turns":8},{"damage":7,"enemies":"Large Slime","floor":14,"turns":5},{"damage":16,"enemies":"Slime Boss","floor":16,"turns":7},{"damage":12,"enemies":"Spheric Guardian","floor":18,"turns":4},{"damage":9,"enemies":"3 Byrds","floor":20,"turns":7},{"damage":9,"enemies":"3 Cultists","floor":22,"turns":5},{"damage":44,"enemies":"Slavers","floor":24,"turns":8},{"damage":0,"enemies":"Centurion and Healer","floor":25,"turns":6},{"damage":7,"enemies":"Shelled Parasite and Fungi","floor":27,"turns":6},{"damage":5,"enemies":"Snecko","floor":29,"turns":6},{"damage":13,"enemies":"Gremlin Leader","floor":30,"turns":6},{"damage":1,"enemies":"Centurion and Healer","floor":31,"turns":6},{"damage":21,"enemies":"Automaton","floor":33,"turns":11},{"damage":0,"enemies":"Orb Walker","floor":35,"turns":3},{"damage":0,"enemies":"3 Darklings","floor":39,"turns":5},{"damage":41,"enemies":"Giant Head","floor":40,"turns":10},{"damage":5,"enemies":"Reptomancer","floor":42,"turns":9},{"damage":9,"enemies":"Giant Head","floor":46,"turns":8},{"damage":40,"enemies":"Time Eater","floor":50,"turns":15},{"damage":3,"enemies":"Awakened One","floor":51,"turns":19},{"damage":54,"enemies":"Shield and Spear","floor":55,"turns":8},{"damage":36,"enemies":"The Heart","floor":56,"turns":6}],"seed_played":"479804520819182657","potions_obtained":[{"floor":2,"key":"Regen Potion"},{"floor":2,"key":"Fruit Juice"},{"floor":3,"key":"SpeedPotion"},{"floor":8,"key":"SneckoOil"},{"floor":10,"key":"FearPotion"},{"floor":14,"key":"SteroidPotion"}],"is_trial":false,"path_per_floor":["M","?","M","$","M","R","E","M","T","E","R","E","?","M","R","B",null,"M","$","M","?","M","R","E","M","T","M","R","M","E","M","R","B",null,"M","?","?","?","M","E","R","E","T","$","R","E","R","?","R","B","B",null,"R","$","E","B"],"character_chosen":"THE_SILENT","items_purchased":["Footwork","Lee\u0027s Waffle","Master of Strategy","DollysMirror","Pen Nib","Cloak And Dagger","Infinite Blades"],"campfire_rested":7,"item_purchase_floors":[4,19,44,44,44,54,54],"current_hp_per_floor":[59,59,64,64,64,64,18,21,21,5,26,15,15,8,29,13,58,46,80,73,73,64,64,20,20,20,15,40,35,29,28,55,34,77,77,67,67,67,67,26,51,46,46,46,71,62,62,62,62,22,19,69,86,86,32,0],"gold":44,"neow_bonus":"THREE_ENEMY_KILL","is_prod":false,"is_daily":false,"chose_seed":false,"campfire_upgraded":3,"win_rate":0,"timestamp":1548713379,"path_taken":["M","?","?","$","?","R","E","M","T","E","R","E","?","M","R","BOSS","M","$","M","?","M","R","E","M","T","M","R","?","E","M","R","BOSS","M","?","?","?","M","E","R","E","T","$","R","E","R","?","R","BOSS","BOSS","R","$","E","BOSS"],"build_version":"2019-01-23","purchased_purges":1,"victory":false,"max_hp_per_floor":[66,66,71,71,71,71,71,73,73,73,73,73,73,73,73,73,73,73,80,82,82,82,82,82,82,82,84,84,84,91,91,91,91,91,91,91,86,86,86,86,86,86,86,86,86,86,86,86,86,86,86,86,86,86,86,86],"card_choices":[{"not_picked":["Bane","Flechettes"],"picked":"Quick Slash","floor":1},{"not_picked":["Bouncing Flask","Dagger Throw"],"picked":"Infinite Blades","floor":3},{"not_picked":["Accuracy","Outmaneuver"],"picked":"Quick Slash","floor":5},{"not_picked":["Skewer","Quick Slash"],"picked":"Bouncing Flask","floor":7},{"not_picked":["Escape Plan","Acrobatics","Quick Slash"],"picked":"Singing Bowl","floor":8},{"not_picked":["Acrobatics","Blade Dance"],"picked":"Dash+1","floor":10},{"not_picked":["Concentrate","Deflect"],"picked":"Flying Knee+1","floor":12},{"not_picked":["Sucker Punch+1","Reflex"],"picked":"Predator+1","floor":14},{"not_picked":["Unload+1","Venomology"],"picked":"Malaise","floor":16},{"not_picked":["Dodge and Roll","Quick Slash+1"],"picked":"PiercingWail","floor":18},{"not_picked":["Poisoned Stab+1","Bane+1","Doppelganger"],"picked":"Singing Bowl","floor":20},{"not_picked":["Masterful Stab+1","Caltrops"],"picked":"Backflip+1","floor":22},{"not_picked":["Prepared","Terror"],"picked":"Well Laid Plans","floor":24},{"not_picked":["A Thousand Cuts","Underhanded Strike+1"],"picked":"Dodge and Roll","floor":25},{"not_picked":["Poisoned Stab+1","Storm of Steel","Acrobatics"],"picked":"Singing Bowl","floor":27},{"not_picked":["Storm of Steel","Heel Hook+1"],"picked":"Dodge and Roll","floor":29},{"not_picked":["Deadly Poison","Sucker Punch+1"],"picked":"Adrenaline","floor":30},{"not_picked":["Dagger Spray+1","Bane+1"],"picked":"Backflip","floor":31},{"not_picked":["Venomology","Die Die Die+1"],"picked":"Adrenaline","floor":33},{"not_picked":["Slice+1","Sucker Punch+1"],"picked":"Prepared+1","floor":35},{"not_picked":["Jack Of All Trades","Mind Blast+1"],"picked":"Flash of Steel+1","floor":36},{"not_picked":["Dramatic Entrance+1","Secret Weapon"],"picked":"Finesse","floor":36},{"not_picked":["Blind","Transmutation"],"picked":"Finesse","floor":36},{"not_picked":["Phantasmal Killer","Deflect"],"picked":"PiercingWail+1","floor":39},{"not_picked":["Dagger Spray+1","Slice+1"],"picked":"Corpse Explosion","floor":40},{"not_picked":["Flying Knee+1","Unload+1"],"picked":"Backflip","floor":42},{"not_picked":["Acrobatics","Deadly Poison"],"picked":"PiercingWail+1","floor":46},{"not_picked":["Storm of Steel","Dagger Spray+1"],"picked":"Wraith Form v2","floor":55}],"player_experience":4553882,"relics_obtained":[{"floor":7,"key":"Singing Bowl"},{"floor":9,"key":"Molten Egg 2"},{"floor":10,"key":"Shuriken"},{"floor":12,"key":"Du-Vu Doll"},{"floor":24,"key":"Vajra"},{"floor":26,"key":"Old Coin"},{"floor":30,"key":"Strawberry"},{"floor":40,"key":"Bottled Tornado"},{"floor":42,"key":"Juzu Bracelet"},{"floor":46,"key":"Bottled Flame"},{"floor":55,"key":"Bottled Lightning"}],"event_choices":[{"damage_healed":0,"gold_gain":0,"player_choice":"Bought 2 Potions","damage_taken":0,"max_hp_gain":0,"max_hp_loss":0,"event_name":"The Woman in Blue","floor":2,"gold_loss":0},{"damage_healed":0,"gold_gain":0,"player_choice":"Fled","damage_taken":0,"max_hp_gain":0,"max_hp_loss":0,"event_name":"Scrap Ooze","floor":13,"gold_loss":0},{"damage_healed":0,"gold_gain":0,"player_choice":"Traded Relic","damage_taken":0,"relics_obtained":["Nloth\u0027s Gift"],"max_hp_gain":0,"max_hp_loss":0,"event_name":"N\u0027loth","floor":21,"relics_lost":["NeowsBlessing"],"gold_loss":0},{"damage_healed":0,"gold_gain":0,"player_choice":"Memory 3","damage_taken":10,"max_hp_gain":0,"max_hp_loss":0,"event_name":"SensoryStone","floor":36,"gold_loss":0},{"damage_healed":0,"gold_gain":0,"player_choice":"Max HP","damage_taken":0,"max_hp_gain":0,"max_hp_loss":5,"event_name":"Winding Halls","floor":37,"gold_loss":0},{"damage_healed":0,"gold_gain":0,"player_choice":"Ignored","damage_taken":0,"max_hp_gain":0,"max_hp_loss":0,"event_name":"Tomb of Lord Red Mask","floor":38,"gold_loss":0},{"cards_removed":["Strike_G"],"damage_healed":0,"gold_gain":0,"player_choice":"Purged","damage_taken":0,"max_hp_gain":0,"max_hp_loss":0,"event_name":"Purifier","floor":48,"gold_loss":0}],"is_beta":true,"boss_relics":[{"not_picked":["Busted Crown","Orrery"],"picked":"Sozu"},{"not_picked":["Ring of the Serpent","Snecko Eye"],"picked":"Cursed Key"}],"items_purged_floors":[44],"is_endless":false,"potions_floor_spawned":[3,7,8,10,14,22,24,27,30,35,39],"killed_by":"The Heart","ascension_level":20}