{"gold_per_floor":[15,30,43,55,67,67,94,155,234,234,248,263,275,304,304,381,381,399,409,409,423,423,423,449,182,212,212,237,83,83,83,83,159,159,177,33,85,98,198,230,230,240,240,240,240,257,257,275,275,275],"floor_reached":50,"playtime":5473,"items_purged":["Strike_R","Strike_R","Strike_R"],"score":1119,"play_id":"3d6a5e58-d67c-4347-989f-83905e3fec01","local_time":"20190130141826","is_ascension_mode":true,"campfire_choices":[{"data":"Combust","floor":6,"key":"SMITH"},{"data":"Armaments","floor":15,"key":"SMITH"},{"data":"Offering","floor":23,"key":"SMITH"},{"floor":27,"key":"REST"},{"data":"Heavy Blade","floor":30,"key":"SMITH"},{"floor":32,"key":"REST"},{"data":"1","floor":41,"key":"LIFT"},{"data":"2","floor":45,"key":"LIFT"},{"data":"3","floor":47,"key":"LIFT"},{"floor":49,"key":"RECALL"}],"neow_cost":"NO_GOLD","seed_source_timestamp":97104290443213,"circlet_count":0,"master_deck":["AscendersBane","Strike_R","Strike_R","Defend_R","Defend_R","Defend_R","Defend_R","Bash","Feed","Power Through","Headbutt","Armaments+1","Combust+1","Battle Trance","Reaper","Thunderclap","Battle Trance","Reaper","Shrug It Off","Offering+1","Burning Pact+1","Shrug It Off","True Grit","Heavy Blade+1","Exhume","Burning Pact","Combust","Anger","True Grit+1","Shrug It Off+1","Clothesline","Brutality","Dual Wield","Clothesline+1","Flame Barrier"],"relics":["Burning Blood","Question Card","Magic Flower","Matryoshka","Smiling Mask","Philosopher\u0027s Stone","Gremlin Horn","Anchor","Art of War","Tiny Chest","Bronze Scales","Bag of Preparation","Fusion Hammer","Pocketwatch","Girya","Orichalcum","Meat on the Bone","Ornamental Fan"],"potions_floor_usage":[7,13,14,18,21,24,28,33,33,37,40,50,50],"damage_taken":[{"damage":6,"enemies":"Cultist","floor":1,"turns":4},{"damage":9,"enemies":"Jaw Worm","floor":2,"turns":4},{"damage":5,"enemies":"Small Slimes","floor":3,"turns":5},{"damage":16,"enemies":"Exordium Thugs","floor":4,"turns":6},{"damage":18,"enemies":"Gremlin Gang","floor":5,"turns":4},{"damage":11,"enemies":"Gremlin Nob","floor":7,"turns":3},{"damage":21,"enemies":"3 Sentries","floor":8,"turns":7},{"damage":18,"enemies":"Looter","floor":11,"turns":5},{"damage":18,"enemies":"Exordium Wildlife","floor":12,"turns":4},{"damage":6,"enemies":"3 Louse","floor":13,"turns":2},{"damage":22,"enemies":"3 Sentries","floor":14,"turns":6},{"damage":48,"enemies":"The Guardian","floor":16,"turns":18},{"damage":28,"enemies":"Shell Parasite","floor":18,"turns":6},{"damage":30,"enemies":"Spheric Guardian","floor":19,"turns":4},{"damage":53,"enemies":"3 Cultists","floor":21,"turns":5},{"damage":101,"enemies":"Book of Stabbing","floor":24,"turns":7},{"damage":31,"enemies":"Slavers","floor":28,"turns":6},{"damage":128,"enemies":"Automaton","floor":33,"turns":12},{"damage":16,"enemies":"Orb Walker","floor":35,"turns":4},{"damage":67,"enemies":"2 Orb Walkers","floor":37,"turns":4},{"damage":26,"enemies":"3 Darklings","floor":38,"turns":5},{"damage":35,"enemies":"Mind Bloom Boss Battle","floor":39,"turns":9},{"damage":49,"enemies":"Reptomancer","floor":40,"turns":7},{"damage":48,"enemies":"Writhing Mass","floor":42,"turns":10},{"damage":26,"enemies":"Jaw Worm Horde","floor":46,"turns":7},{"damage":23,"enemies":"Transient","floor":48,"turns":6},{"damage":200,"enemies":"Time Eater","floor":50,"turns":17}],"seed_played":"6365336352570490037","potions_obtained":[{"floor":3,"key":"FearPotion"},{"floor":7,"key":"FearPotion"},{"floor":11,"key":"Fire Potion"},{"floor":13,"key":"Swift Potion"},{"floor":16,"key":"Explosive Potion"},{"floor":21,"key":"Dexterity Potion"},{"floor":24,"key":"Swift Potion"},{"floor":28,"key":"Regen Potion"},{"floor":35,"key":"Poison Potion"},{"floor":38,"key":"Explosive Potion"},{"floor":42,"key":"GamblersBrew"},{"floor":46,"key":"Fire Potion"}],"is_trial":false,"path_per_floor":["M","M","M","M","M","R","E","?","T","?","M","M","M","E","R","B",null,"M","M","?","M","?","R","E","$","T","R","E","$","R","T","R","B",null,"M","$","?","M","?","E","R","M","T","T","R","M","R","M","R","B"],"character_chosen":"IRONCLAD","items_purchased":["Fire Potion","Anchor","Strength Potion","Heavy Blade","Combust","Anger"],"campfire_rested":2,"item_purchase_floors":[25,25,29,29,36,36],"current_hp_per_floor":[71,71,75,69,60,60,55,52,52,57,57,71,91,94,94,75,101,98,83,83,98,98,98,15,15,15,51,61,61,61,61,97,44,101,110,110,82,97,94,108,108,80,80,80,80,139,139,135,135,0],"gold":275,"neow_bonus":"THREE_RARE_CARDS","is_prod":false,"is_daily":false,"chose_seed":false,"campfire_upgraded":4,"win_rate":0,"timestamp":1548886706,"path_taken":["M","M","M","M","?","R","E","?","T","?","M","M","M","E","R","BOSS","M","M","?","?","?","R","E","?","T","R","E","$","R","?","R","BOSS","M","$","?","M","?","E","R","M","T","?","R","M","R","M","R","BOSS"],"build_version":"2019-01-23","purchased_purges":3,"victory":false,"max_hp_per_floor":[78,81,84,88,91,91,91,91,91,96,96,99,102,105,105,109,109,112,116,116,120,120,120,120,120,120,120,120,120,120,120,120,120,120,123,123,123,123,127,127,127,131,131,131,131,139,139,139,139,139],"card_choices":[{"not_picked":["Barricade","Dark Embrace"],"picked":"Feed","floor":0},{"not_picked":["Havoc","Heavy Blade"],"picked":"Power Through","floor":1},{"not_picked":["Fire Breathing","Twin Strike"],"picked":"Headbutt","floor":2},{"not_picked":["Wild Strike","Dropkick"],"picked":"Armaments","floor":3},{"not_picked":["Armaments","Havoc"],"picked":"Combust","floor":4},{"not_picked":["Warcry","Flame Barrier"],"picked":"Battle Trance","floor":5},{"not_picked":["Thunderclap","Anger"],"picked":"Reaper","floor":7},{"not_picked":["Burning Pact","Iron Wave","Havoc"],"picked":"Thunderclap","floor":8},{"not_picked":["Thunderclap","Clothesline","Anger"],"picked":"Battle Trance","floor":11},{"not_picked":["Entrench","Perfected Strike","Carnage"],"picked":"Reaper","floor":12},{"not_picked":["Iron Wave","Clothesline","Havoc"],"picked":"Shrug It Off","floor":13},{"not_picked":["Iron Wave","Body Slam","Armaments","Rampage"],"picked":"SKIP","floor":14},{"not_picked":["Bludgeon","Brutality","Exhume"],"picked":"Offering","floor":16},{"not_picked":["Sword Boomerang","Hemokinesis","Entrench"],"picked":"Burning Pact","floor":18},{"not_picked":["Headbutt+1","Bloodletting","Havoc","Sentinel"],"picked":"SKIP","floor":19},{"not_picked":["Cleave","Sword Boomerang","Hemokinesis","Perfected Strike"],"picked":"SKIP","floor":21},{"not_picked":["Clash","Heavy Blade","Rage"],"picked":"Shrug It Off","floor":24},{"not_picked":["Wild Strike","Bludgeon","Cleave+1"],"picked":"True Grit","floor":28},{"not_picked":["Immolate","Dark Embrace","Impervious"],"picked":"Exhume","floor":33},{"not_picked":["Cleave","Pommel Strike","Sword Boomerang+1"],"picked":"Burning Pact","floor":35},{"not_picked":["Evolve","Iron Wave","Havoc"],"picked":"True Grit+1","floor":37},{"not_picked":["Warcry","Hemokinesis","Searing Blow+1"],"picked":"Shrug It Off+1","floor":38},{"not_picked":["Thunderclap+1","Iron Wave","Flame Barrier"],"picked":"Clothesline","floor":39},{"not_picked":["Body Slam","Heavy Blade","Searing Blow"],"picked":"Brutality","floor":40},{"not_picked":["Body Slam","Second Wind+1","Heavy Blade"],"picked":"Dual Wield","floor":42},{"not_picked":["Havoc","Ghostly Armor","Cleave+1"],"picked":"Clothesline+1","floor":46},{"not_picked":["Searing Blow+1","Headbutt","Sword Boomerang"],"picked":"Flame Barrier","floor":48}],"player_experience":4583032,"relics_obtained":[{"floor":7,"key":"Question Card"},{"floor":8,"key":"Magic Flower"},{"floor":9,"key":"Matryoshka"},{"floor":14,"key":"Smiling Mask"},{"floor":24,"key":"Gremlin Horn"},{"floor":26,"key":"Art of War"},{"floor":26,"key":"Tiny Chest"},{"floor":28,"key":"Bronze Scales"},{"floor":31,"key":"Bag of Preparation"},{"floor":37,"key":"Pocketwatch"},{"floor":39,"key":"Girya"},{"floor":40,"key":"Orichalcum"},{"floor":43,"key":"Meat on the Bone"},{"floor":44,"key":"Ornamental Fan"}],"event_choices":[{"damage_healed":0,"gold_gain":30,"player_choice":"Searched \u00273\u0027 times","damage_taken":0,"max_hp_gain":0,"max_hp_loss":0,"event_name":"Dead Adventurer","floor":8,"gold_loss":0},{"damage_healed":0,"gold_gain":0,"player_choice":"Donut","damage_taken":0,"max_hp_gain":5,"max_hp_loss":0,"event_name":"Big Fish","floor":10,"gold_loss":0},{"damage_healed":0,"gold_gain":0,"player_choice":"Forge","damage_taken":0,"max_hp_gain":0,"max_hp_loss":0,"event_name":"Accursed Blacksmith","floor":20,"gold_loss":0,"cards_upgraded":["Burning Pact"]},{"damage_healed":0,"gold_gain":0,"player_choice":"Ignored","damage_taken":0,"max_hp_gain":0,"max_hp_loss":0,"event_name":"The Mausoleum","floor":22,"gold_loss":0},{"damage_healed":0,"gold_gain":0,"player_choice":"Fight","damage_taken":0,"max_hp_gain":0,"max_hp_loss":0,"event_name":"Mysterious Sphere","floor":37,"gold_loss":0},{"damage_healed":0,"gold_gain":0,"player_choice":"Fight","damage_taken":0,"max_hp_gain":0,"max_hp_loss":0,"event_name":"MindBloom","floor":39,"gold_loss":0}],"is_beta":true,"boss_relics":[{"not_picked":["Runic Dome","Ectoplasm"],"picked":"Philosopher\u0027s Stone"},{"not_picked":["Cursed Key","White Beast Statue"],"picked":"Fusion Hammer"}],"items_purged_floors":[25,29,36],"is_endless":false,"potions_floor_spawned":[3,7,11,13,16,21,24,28,35,38,42,46],"killed_by":"Time Eater","ascension_level":20}