{"gold_per_floor":[119,119,131,131,156,156,187,187,211,229,229,229,269,285,285,374,374,389,389,409,92,142,142,175,175,255,111,111,131,164,189,189,283,283,301,321,344,358,233,233,264,264,264,302,316,316,356,390,390,390,390,390,390,11,49,49],"floor_reached":56,"playtime":6377,"items_purged":["Strike_B","Strike_B","Strike_B"],"score":1972,"play_id":"76bfba2d-f2f3-49fd-add2-29a9e92c6031","local_time":"20190131133141","is_ascension_mode":true,"campfire_choices":[{"floor":6,"key":"REST"},{"data":"Static Discharge","floor":8,"key":"SMITH"},{"floor":15,"key":"REST"},{"data":"Sunder","floor":23,"key":"SMITH"},{"data":"Thunder Strike","floor":25,"key":"SMITH"},{"floor":32,"key":"REST"},{"data":"Biased Cognition","floor":40,"key":"SMITH"},{"data":"Rainbow","floor":42,"key":"SMITH"},{"floor":46,"key":"RECALL"},{"floor":49,"key":"REST"},{"data":"Seek","floor":53,"key":"SMITH"}],"neow_cost":"NONE","seed_source_timestamp":179795932772266,"circlet_count":0,"master_deck":["AscendersBane","Defend_B","Defend_B","Defend_B","Defend_B","Zap+1","Dualcast+1","Static Discharge+1","Glacier","Coolheaded","FTL","Sweeping Beam+1","Hologram","Genetic Algorithm","Seek+1","Glacier","Recycle","Thunder Strike+1","Sunder+1","Rainbow+1","Capacitor+1","Conserve Battery","Biased Cognition+1","Sunder","Chaos+1","Echo Form","Reinforced Body+1","Coolheaded+1","Leap+1","Stack+1","Apotheosis+1","Blind+1","Undo+1"],"relics":["Cracked Core","Golden Idol","Ancient Tea Set","Anchor","Emotion Chip","Snecko Eye","Sundial","WingedGreaves","Strawberry","Eternal Feather","Happy Flower","Toxic Egg 2","Gambling Chip","Ice Cream","Smiling Mask","Calipers"],"potions_floor_usage":[7,16,30,50,50,55],"damage_taken":[{"damage":7,"enemies":"Jaw Worm","floor":1,"turns":4},{"damage":10,"enemies":"2 Louse","floor":3,"turns":3},{"damage":0,"enemies":"Small Slimes","floor":5,"turns":4},{"damage":4,"enemies":"Lagavulin","floor":7,"turns":9},{"damage":2,"enemies":"Exordium Wildlife","floor":10,"turns":7},{"damage":27,"enemies":"Gremlin Nob","floor":13,"turns":4},{"damage":0,"enemies":"Exordium Thugs","floor":14,"turns":4},{"damage":12,"enemies":"The Guardian","floor":16,"turns":11},{"damage":5,"enemies":"Shell Parasite","floor":18,"turns":7},{"damage":3,"enemies":"3 Byrds","floor":20,"turns":5},{"damage":2,"enemies":"Gremlin Leader","floor":24,"turns":6},{"damage":0,"enemies":"Snecko","floor":29,"turns":6},{"damage":34,"enemies":"Slavers","floor":30,"turns":6},{"damage":5,"enemies":"Champ","floor":33,"turns":20},{"damage":0,"enemies":"3 Shapes","floor":35,"turns":4},{"damage":1,"enemies":"Orb Walker","floor":36,"turns":5},{"damage":0,"enemies":"Sphere and 2 Shapes","floor":37,"turns":5},{"damage":20,"enemies":"Jaw Worm Horde","floor":38,"turns":5},{"damage":14,"enemies":"Giant Head","floor":41,"turns":7},{"damage":15,"enemies":"Reptomancer","floor":44,"turns":8},{"damage":0,"enemies":"Maw","floor":45,"turns":8},{"damage":20,"enemies":"Nemesis","floor":47,"turns":5},{"damage":22,"enemies":"Reptomancer","floor":48,"turns":10},{"damage":20,"enemies":"Awakened One","floor":50,"turns":14},{"damage":22,"enemies":"Donu and Deca","floor":51,"turns":12},{"damage":16,"enemies":"Shield and Spear","floor":55,"turns":6},{"damage":60,"enemies":"The Heart","floor":56,"turns":8}],"seed_played":"2176727080129295341","potions_obtained":[{"floor":3,"key":"AttackPotion"},{"floor":5,"key":"Energy Potion"},{"floor":13,"key":"FairyPotion"},{"floor":16,"key":"Dexterity Potion"},{"floor":29,"key":"Block Potion"},{"floor":33,"key":"GamblersBrew"},{"floor":47,"key":"Dexterity Potion"}],"is_trial":false,"path_per_floor":["M","?","M","?","M","R","E","R","T","M","?","?","E","M","R","B",null,"M","?","M","$","?","R","E","R","T","$","?","M","E","T","R","B",null,"M","M","M","M","$","R","E","R","T","E","M","R","E","E","R","B","B",null,"R","$","E","B"],"character_chosen":"DEFECT","items_purchased":["Thunder Strike","Sunder","Capacitor","GamblersBrew","Apotheosis+1","Blind+1"],"campfire_rested":4,"item_purchase_floors":[21,21,27,54,54,54],"current_hp_per_floor":[57,36,26,26,26,45,41,41,41,39,39,44,17,17,37,25,58,53,53,50,50,50,50,48,48,48,48,48,48,14,21,43,38,67,67,66,66,46,46,61,47,62,62,47,47,62,42,20,60,40,18,62,76,76,60,0],"gold":49,"neow_bonus":"REMOVE_CARD","is_prod":false,"is_daily":false,"chose_seed":false,"campfire_upgraded":6,"win_rate":0,"timestamp":1548970301,"path_taken":["M","?","M","?","M","R","E","R","T","M","?","?","E","?","R","BOSS","M","?","M","?","?","R","E","R","T","$","?","?","E","?","R","BOSS","M","M","M","M","$","R","E","R","T","E","?","R","E","E","R","BOSS","BOSS","R","$","E","BOSS"],"build_version":"2019-01-23","purchased_purges":3,"victory":false,"max_hp_per_floor":[71,71,71,64,64,64,64,64,64,64,64,69,69,69,69,69,69,69,69,69,69,69,69,69,69,69,69,69,69,69,76,76,76,76,76,76,76,76,76,76,76,76,76,76,76,76,76,76,76,76,76,76,76,76,76,76],"card_choices":[{"not_picked":["Turbo","Rip and Tear"],"picked":"Static Discharge","floor":1},{"not_picked":["Compile Driver","Gash"],"picked":"Glacier","floor":3},{"not_picked":["Conserve Battery","Stack"],"picked":"Coolheaded","floor":5},{"not_picked":["Consume","Ball Lightning"],"picked":"FTL","floor":7},{"not_picked":["Beam Cell","Chaos"],"picked":"Sweeping Beam","floor":10},{"not_picked":["Redo","Streamline"],"picked":"Hologram","floor":13},{"not_picked":["Auto Shields","Loop"],"picked":"Genetic Algorithm","floor":14},{"not_picked":["Machine Learning","Meteor Strike"],"picked":"Seek","floor":16},{"not_picked":["Stack","Sweeping Beam","Turbo"],"picked":"SKIP","floor":18},{"not_picked":["Redo","Leap"],"picked":"Recycle","floor":20},{"not_picked":["Cold Snap","Leap"],"picked":"Rainbow","floor":24},{"not_picked":["Barrage","Leap","Stack"],"picked":"SKIP","floor":29},{"not_picked":["Steam","Chill"],"picked":"Conserve Battery","floor":30},{"not_picked":["Core Surge","Reboot"],"picked":"Biased Cognition","floor":33},{"not_picked":["BootSequence","Barrage+1"],"picked":"Sunder","floor":35},{"not_picked":["Go for the Eyes","Streamline","Rebound"],"picked":"SKIP","floor":36},{"not_picked":["Barrage","Leap","Fission"],"picked":"SKIP","floor":37},{"not_picked":["Conserve Battery","Sweeping Beam+1"],"picked":"Chaos+1","floor":38},{"not_picked":["White Noise+1","Coolheaded+1"],"picked":"Echo Form","floor":41},{"not_picked":["Cold Snap+1","Reboot+1"],"picked":"Reinforced Body+1","floor":44},{"not_picked":["Force Field+1","Rebound"],"picked":"Coolheaded+1","floor":45},{"not_picked":["Steam Power+1","White Noise+1"],"picked":"Leap+1","floor":47},{"not_picked":["Machine Learning","Aggregate+1"],"picked":"Stack+1","floor":48},{"not_picked":["Chaos+1","Compile Driver+1"],"picked":"Undo+1","floor":55}],"player_experience":4599153,"relics_obtained":[{"floor":7,"key":"Ancient Tea Set"},{"floor":9,"key":"Anchor"},{"floor":13,"key":"Emotion Chip"},{"floor":24,"key":"Sundial"},{"floor":30,"key":"WingedGreaves"},{"floor":31,"key":"Strawberry"},{"floor":41,"key":"Happy Flower"},{"floor":43,"key":"Toxic Egg 2"},{"floor":44,"key":"Gambling Chip"},{"floor":47,"key":"Ice Cream"},{"floor":48,"key":"Smiling Mask"},{"floor":55,"key":"Calipers"}],"event_choices":[{"damage_healed":0,"gold_gain":0,"player_choice":"Entered Light","damage_taken":21,"max_hp_gain":0,"max_hp_loss":0,"event_name":"Shining Light","floor":2,"gold_loss":0,"cards_upgraded":["Dualcast","Zap"]},{"damage_healed":0,"gold_gain":0,"player_choice":"Lose Max HP","damage_taken":0,"relics_obtained":["Golden Idol"],"max_hp_gain":0,"max_hp_loss":7,"event_name":"Golden Idol","floor":4,"gold_loss":0},{"damage_healed":0,"gold_gain":0,"player_choice":"Grow","damage_taken":0,"max_hp_gain":0,"max_hp_loss":0,"event_name":"Living Wall","floor":11,"gold_loss":0,"cards_upgraded":["Sweeping Beam"]},{"damage_healed":0,"gold_gain":0,"player_choice":"Donut","damage_taken":0,"max_hp_gain":5,"max_hp_loss":0,"event_name":"Big Fish","floor":12,"gold_loss":0},{"damage_healed":0,"gold_gain":0,"player_choice":"Copied","damage_taken":0,"max_hp_gain":0,"max_hp_loss":0,"event_name":"Duplicator","floor":19,"gold_loss":0,"cards_obtained":["Glacier"]},{"damage_healed":0,"gold_gain":50,"player_choice":"Stole From Cult","damage_taken":0,"max_hp_gain":0,"max_hp_loss":0,"event_name":"Nest","floor":22,"gold_loss":0},{"damage_healed":0,"gold_gain":0,"player_choice":"Upgraded","damage_taken":0,"max_hp_gain":0,"max_hp_loss":0,"event_name":"Upgrade Shrine","floor":28,"gold_loss":0,"cards_upgraded":["Capacitor"]}],"is_beta":true,"boss_relics":[{"not_picked":["Orrery","Philosopher\u0027s Stone"],"picked":"Snecko Eye"},{"not_picked":["Tiny House","Calling Bell"],"picked":"Eternal Feather"}],"items_purged_floors":[21,27,39],"is_endless":false,"potions_floor_spawned":[3,5,13,14,16,29,33,36,37,44,47],"killed_by":"The Heart","ascension_level":20}