{"gold_per_floor":[115,115,15,15,31,31,31,41,41,41,73,73,73,89,89,167,167,185,143,143,155,173,173,187,187,212,241,241,241,5,22,22,101,101,113,113,54,54,54,79,97,129,179,179,205,205,205,222,222,222,222],"floor_reached":51,"playtime":3531,"items_purged":["Strike_G","Unload"],"score":1548,"play_id":"b47c2ffb-8f7b-4c5c-bd5e-3167dadf1a02","local_time":"20190131175107","is_ascension_mode":true,"campfire_choices":[{"floor":7,"key":"REST"},{"data":"Footwork","floor":12,"key":"SMITH"},{"data":"Crippling Poison","floor":15,"key":"SMITH"},{"floor":23,"key":"REST"},{"data":"Footwork","floor":28,"key":"SMITH"},{"data":"Noxious Fumes","floor":32,"key":"SMITH"},{"floor":44,"key":"REST"},{"floor":46,"key":"RECALL"},{"data":"Backflip","floor":49,"key":"SMITH"}],"neow_cost":"TEN_PERCENT_HP_LOSS","seed_source_timestamp":198201353504539,"circlet_count":0,"master_deck":["AscendersBane","Defend_G+1","Defend_G+1","Defend_G+1","Defend_G","Defend_G+1","Survivor","Neutralize+1","Poisoned Stab","Crippling Poison+1","Poisoned Stab","Footwork+1","PiercingWail","Caltrops+1","Corpse Explosion+1","Footwork+1","Well Laid Plans","Escape Plan","Dodge and Roll","Well Laid Plans","Noxious Fumes+1","Deflect","After Image","PiercingWail","Backflip+1","Dark Shackles","Poisoned Stab","Dodge and Roll"],"relics":["Ring of the Snake","Calipers","War Paint","Shuriken","Astrolabe","Bag of Preparation","Blue Candle","Philosopher\u0027s Stone","Orichalcum","Bag of Marbles","Happy Flower","Frozen Egg 2"],"potions_floor_usage":[11,21,27,33,40,41,41,51],"damage_taken":[{"damage":13,"enemies":"Cultist","floor":1,"turns":7},{"damage":0,"enemies":"Small Slimes","floor":5,"turns":3},{"damage":0,"enemies":"2 Louse","floor":8,"turns":3},{"damage":7,"enemies":"Lagavulin","floor":11,"turns":5},{"damage":0,"enemies":"Looter","floor":14,"turns":4},{"damage":0,"enemies":"The Guardian","floor":16,"turns":13},{"damage":6,"enemies":"3 Byrds","floor":18,"turns":5},{"damage":0,"enemies":"Chosen","floor":21,"turns":5},{"damage":9,"enemies":"Snecko","floor":22,"turns":6},{"damage":0,"enemies":"Centurion and Healer","floor":24,"turns":7},{"damage":2,"enemies":"Book of Stabbing","floor":27,"turns":6},{"damage":0,"enemies":"Chosen and Byrds","floor":31,"turns":6},{"damage":31,"enemies":"Collector","floor":33,"turns":11},{"damage":30,"enemies":"3 Darklings","floor":35,"turns":4},{"damage":11,"enemies":"Reptomancer","floor":40,"turns":9},{"damage":0,"enemies":"Orb Walker","floor":41,"turns":3},{"damage":6,"enemies":"Giant Head","floor":42,"turns":11},{"damage":1,"enemies":"Nemesis","floor":45,"turns":11},{"damage":0,"enemies":"Maw","floor":48,"turns":9},{"damage":50,"enemies":"Awakened One","floor":50,"turns":24},{"damage":15,"enemies":"Time Eater","floor":51,"turns":3}],"seed_played":"4672866550930958235","potions_obtained":[{"floor":5,"key":"SteroidPotion"},{"floor":8,"key":"LiquidBronze"},{"floor":14,"key":"Ancient Potion"},{"floor":22,"key":"FearPotion"},{"floor":31,"key":"Fire Potion"},{"floor":35,"key":"AttackPotion"},{"floor":40,"key":"AttackPotion"},{"floor":45,"key":"PowerPotion"}],"is_trial":false,"path_per_floor":["M","?","$","?","M","?","R","M","T","T","E","R","$","M","R","B",null,"M","$","?","M","M","R","M","?","T","E","R","$","$","M","R","B",null,"M","?","$","?","?","E","M","E","T","R","E","R","?","M","R","B","B"],"character_chosen":"THE_SILENT","items_purchased":["Dagger Throw","Well Laid Plans","Noxious Fumes","Deflect","Backflip"],"campfire_rested":3,"item_purchase_floors":[3,19,30,30,37],"current_hp_per_floor":[46,39,39,39,39,21,39,39,39,39,32,32,32,32,32,32,53,47,47,47,47,38,56,56,56,56,54,54,54,54,54,54,23,51,21,21,21,49,39,28,28,22,22,36,35,35,59,59,59,9,0],"gold":222,"neow_bonus":"ONE_RARE_RELIC","is_prod":false,"is_daily":false,"chose_seed":false,"campfire_upgraded":5,"win_rate":0,"timestamp":1548985867,"path_taken":["M","?","$","?","M","?","R","M","T","?","E","R","?","?","R","BOSS","M","$","?","M","?","R","M","?","T","E","R","?","$","M","R","BOSS","M","?","$","?","?","E","M","E","T","R","E","R","?","M","R","BOSS","BOSS"],"build_version":"2019-01-23","purchased_purges":2,"victory":false,"max_hp_per_floor":[60,60,60,60,60,60,60,60,60,60,60,60,60,60,60,60,60,60,60,60,60,60,60,60,60,60,60,60,60,60,60,60,60,60,60,60,60,49,49,49,49,49,49,49,49,49,59,59,59,59,59],"card_choices":[{"not_picked":["Flying Knee","Cloak And Dagger"],"picked":"Poisoned Stab","floor":1},{"not_picked":["Endless Agony","Flying Knee"],"picked":"Crippling Poison","floor":5},{"not_picked":["Endless Agony","Flying Knee"],"picked":"Poisoned Stab","floor":8},{"not_picked":["Tactician","All Out Attack"],"picked":"Footwork","floor":11},{"not_picked":["Accuracy","Quick Slash"],"picked":"PiercingWail","floor":14},{"not_picked":["Envenom","Storm of Steel"],"picked":"Unload","floor":16},{"not_picked":["Dagger Spray","Dagger Throw+1"],"picked":"Footwork","floor":18},{"not_picked":["Footwork","Poisoned Stab"],"picked":"Escape Plan","floor":21},{"not_picked":["Setup","Flying Knee"],"picked":"Dodge and Roll","floor":22},{"not_picked":["Prepared","Distraction","Quick Slash"],"picked":"SKIP","floor":24},{"not_picked":["Poisoned Stab","Sucker Punch"],"picked":"Well Laid Plans","floor":27},{"not_picked":["Expertise","Caltrops","Outmaneuver"],"picked":"SKIP","floor":31},{"not_picked":["Corpse Explosion","Glass Knife"],"picked":"After Image","floor":33},{"not_picked":["Acrobatics","Masterful Stab"],"picked":"PiercingWail","floor":35},{"not_picked":["Panacea","Good Instincts"],"picked":"Dark Shackles","floor":39},{"not_picked":["Flechettes","Flying Knee"],"picked":"Poisoned Stab","floor":40},{"not_picked":["Poisoned Stab","Dagger Spray","Dagger Throw"],"picked":"SKIP","floor":41},{"not_picked":["Underhanded Strike","Masterful Stab+1","Quick Slash"],"picked":"SKIP","floor":42},{"not_picked":["Blade Dance","Flying Knee"],"picked":"Dodge and Roll","floor":45},{"not_picked":["Distraction","Well Laid Plans+1","Dagger Spray"],"picked":"SKIP","floor":48}],"player_experience":4617366,"relics_obtained":[{"floor":9,"key":"War Paint"},{"floor":11,"key":"Shuriken"},{"floor":26,"key":"Bag of Preparation"},{"floor":27,"key":"Blue Candle"},{"floor":40,"key":"Orichalcum"},{"floor":42,"key":"Bag of Marbles"},{"floor":43,"key":"Happy Flower"},{"floor":45,"key":"Frozen Egg 2"}],"event_choices":[{"cards_removed":["Strike_G"],"damage_healed":0,"gold_gain":0,"player_choice":"Card Removal","damage_taken":7,"max_hp_gain":0,"max_hp_loss":0,"event_name":"Golden Wing","floor":2,"gold_loss":0},{"damage_healed":0,"gold_gain":0,"player_choice":"Grow","damage_taken":0,"max_hp_gain":0,"max_hp_loss":0,"event_name":"Living Wall","floor":4,"gold_loss":0,"cards_upgraded":["Neutralize"]},{"damage_healed":0,"gold_gain":0,"player_choice":"Entered Light","damage_taken":18,"max_hp_gain":0,"max_hp_loss":0,"event_name":"Shining Light","floor":6,"gold_loss":0,"cards_upgraded":["Defend_G","Defend_G"]},{"cards_removed":["Dagger Throw"],"damage_healed":0,"gold_gain":0,"player_choice":"Purged","damage_taken":0,"max_hp_gain":0,"max_hp_loss":0,"event_name":"Purifier","floor":20,"gold_loss":0},{"damage_healed":0,"gold_gain":0,"player_choice":"Ignored","damage_taken":0,"max_hp_gain":0,"max_hp_loss":0,"event_name":"Transmorgrifier","floor":25,"gold_loss":0},{"damage_healed":0,"gold_gain":0,"player_choice":"Ignored","damage_taken":0,"max_hp_gain":0,"max_hp_loss":0,"event_name":"Mysterious Sphere","floor":36,"gold_loss":0},{"damage_healed":49,"gold_gain":0,"player_choice":"Heal","damage_taken":0,"max_hp_gain":0,"max_hp_loss":11,"event_name":"The Moai Head","floor":38,"gold_loss":0},{"damage_healed":0,"gold_gain":0,"player_choice":"Memory 3","damage_taken":10,"max_hp_gain":0,"max_hp_loss":0,"event_name":"SensoryStone","floor":39,"gold_loss":0},{"cards_removed":["Die Die Die"],"damage_healed":14,"gold_gain":0,"player_choice":"Offered Rare","damage_taken":0,"max_hp_gain":10,"max_hp_loss":0,"event_name":"Bonfire Elementals","floor":47,"gold_loss":0}],"is_beta":true,"boss_relics":[{"not_picked":["Eternal Feather","Ring of the Serpent"],"picked":"Astrolabe"},{"not_picked":["Runic Pyramid","Tiny House"],"picked":"Philosopher\u0027s Stone"}],"items_purged_floors":[3,30],"is_endless":false,"potions_floor_spawned":[5,8,14,22,31,35,40,45],"killed_by":"Time Eater","ascension_level":20}