{"gold_per_floor":[109,124,142,69,81,114,114,149,226,259,270,302,314,332,332,409,409,422,422,337,357,254,287,287,297,297,315,332,364,380,405,405,483,483,496,496,67,84,0,32,32,32,32,47,47,80,80,80,80,80,80,80,80,25,50,50],"floor_reached":57,"playtime":4990,"items_purged":["Strike_G+1","Strike_G+1"],"score":2979,"play_id":"568dd869-3c66-4ade-8368-dd3dbbaa5534","local_time":"20190126133656","is_ascension_mode":true,"campfire_choices":[{"data":"Skewer","floor":7,"key":"SMITH"},{"data":"Noxious Fumes","floor":15,"key":"SMITH"},{"data":"Neutralize","floor":24,"key":"SMITH"},{"floor":32,"key":"REST"},{"floor":42,"key":"RECALL"},{"data":"Footwork","floor":45,"key":"SMITH"},{"data":"Footwork","floor":47,"key":"SMITH"},{"data":"Flechettes","floor":49,"key":"SMITH"},{"data":"Dodge and Roll","floor":53,"key":"SMITH"}],"neow_cost":"NONE","seed_source_timestamp":269256756393638,"circlet_count":0,"master_deck":["AscendersBane","Defend_G+1","Defend_G+1","Defend_G+1","Defend_G+1","Defend_G+1","Strike_G+1","Strike_G+1","Strike_G+1","Survivor","Neutralize+1","Flying Knee","Terror+1","Skewer+1","Dodge and Roll+1","Noxious Fumes+1","Dagger Throw","Envenom","Calculated Gamble","PiercingWail+1","Flechettes+1","Deflect+1","Adrenaline","Acrobatics","Night Terror+1","Footwork+1","Dark Shackles+1","Dark Shackles+1","Good Instincts+1","Footwork+1","Bouncing Flask+1","Dodge and Roll+1","Leg Sweep+1"],"relics":["Ring of the Snake","PreservedInsect","Strawberry","Mango","Blood Vial","Gremlin Horn","Orichalcum","Bird Faced Urn","Velvet Choker","Sundial","Du-Vu Doll","Vajra","War Paint","Toxic Egg 2","Runic Pyramid","Incense Burner","Red Mask","Omamori","Dodecahedron","Bag of Marbles"],"potions_floor_usage":[5,10,12,18,27,28,33,50,56,56],"damage_taken":[{"damage":2,"enemies":"Jaw Worm","floor":1,"turns":8},{"damage":2,"enemies":"Cultist","floor":2,"turns":5},{"damage":4,"enemies":"Small Slimes","floor":3,"turns":3},{"damage":1,"enemies":"Blue Slaver","floor":5,"turns":5},{"damage":12,"enemies":"3 Sentries","floor":6,"turns":7},{"damage":0,"enemies":"Gremlin Nob","floor":8,"turns":3},{"damage":16,"enemies":"Lagavulin","floor":10,"turns":6},{"damage":0,"enemies":"3 Louse","floor":11,"turns":4},{"damage":2,"enemies":"Gremlin Nob","floor":12,"turns":3},{"damage":16,"enemies":"Exordium Wildlife","floor":13,"turns":3},{"damage":0,"enemies":"2 Fungi Beasts","floor":14,"turns":3},{"damage":36,"enemies":"The Guardian","floor":16,"turns":11},{"damage":19,"enemies":"Chosen","floor":18,"turns":6},{"damage":15,"enemies":"Shell Parasite","floor":21,"turns":5},{"damage":0,"enemies":"Gremlin Leader","floor":23,"turns":3},{"damage":26,"enemies":"Sentry and Sphere","floor":25,"turns":6},{"damage":6,"enemies":"Snake Plant","floor":27,"turns":4},{"damage":0,"enemies":"Chosen and Byrds","floor":28,"turns":4},{"damage":9,"enemies":"Book of Stabbing","floor":29,"turns":3},{"damage":0,"enemies":"3 Cultists","floor":30,"turns":4},{"damage":1,"enemies":"Gremlin Leader","floor":31,"turns":4},{"damage":12,"enemies":"Collector","floor":33,"turns":7},{"damage":0,"enemies":"3 Shapes","floor":35,"turns":9},{"damage":3,"enemies":"Orb Walker","floor":38,"turns":4},{"damage":9,"enemies":"Nemesis","floor":40,"turns":6},{"damage":0,"enemies":"Maw","floor":44,"turns":7},{"damage":0,"enemies":"Giant Head","floor":46,"turns":8},{"damage":0,"enemies":"Awakened One","floor":50,"turns":15},{"damage":6,"enemies":"Donu and Deca","floor":51,"turns":12},{"damage":2,"enemies":"Shield and Spear","floor":55,"turns":8},{"damage":38,"enemies":"The Heart","floor":56,"turns":13}],"seed_played":"-3831658091872475664","potions_obtained":[{"floor":3,"key":"Block Potion"},{"floor":5,"key":"GhostInAJar"},{"floor":6,"key":"GhostInAJar"},{"floor":10,"key":"Strength Potion"},{"floor":12,"key":"EssenceOfSteel"},{"floor":13,"key":"Strength Potion"},{"floor":21,"key":"LiquidBronze"},{"floor":27,"key":"PowerPotion"},{"floor":29,"key":"Dexterity Potion"},{"floor":38,"key":"Block Potion"},{"floor":55,"key":"Ancient Potion"}],"is_trial":false,"path_per_floor":["M","M","M","?","M","E","R","E","T","E","M","E","M","M","R","B",null,"M","?","?","M","$","E","R","M","T","M","M","E","M","E","R","B",null,"M","?","$","M","?","E","$","R","T","M","R","E","R","?","R","B","B",null,"R","$","E","B",null],"character_chosen":"THE_SILENT","items_purchased":["PiercingWail","Incense Burner","Strength Potion"],"campfire_rested":1,"item_purchase_floors":[22,37,54],"current_hp_per_floor":[57,55,51,58,57,59,59,59,59,45,47,47,33,37,37,5,67,54,54,54,45,45,51,51,31,31,31,37,32,36,39,65,61,81,87,77,77,82,82,87,87,87,87,87,87,87,87,87,87,87,87,87,87,87,87,55],"gold":50,"neow_bonus":"RANDOM_COMMON_RELIC","is_prod":false,"is_daily":false,"chose_seed":false,"campfire_upgraded":7,"win_rate":0,"timestamp":1548538616,"path_taken":["M","M","M","?","M","E","R","E","T","E","?","E","M","M","R","BOSS","M","?","?","M","$","E","R","M","T","M","M","E","M","E","R","BOSS","M","?","$","M","?","E","?","R","T","M","R","E","R","?","R","BOSS","BOSS","R","$","E","BOSS"],"build_version":"2019-01-23","purchased_purges":2,"victory":true,"max_hp_per_floor":[66,66,66,73,73,87,87,87,87,87,87,87,87,87,87,87,87,87,87,87,87,87,87,87,87,87,87,87,87,87,87,87,87,87,87,87,87,87,87,87,87,87,87,87,87,87,87,87,87,87,87,87,87,87,87,87],"card_choices":[{"not_picked":["Escape Plan","Eviscerate"],"picked":"Dagger Spray","floor":1},{"not_picked":["Acrobatics","Blade Dance"],"picked":"Flying Knee","floor":2},{"not_picked":["Dodge and Roll","Heel Hook"],"picked":"Terror","floor":3},{"not_picked":["Blade Dance","Poisoned Stab"],"picked":"Skewer","floor":5},{"not_picked":["Dagger Spray","Poisoned Stab"],"picked":"Dodge and Roll","floor":6},{"not_picked":["Tactician","Bouncing Flask","Catalyst"],"picked":"SKIP","floor":8},{"not_picked":["Prepared","Slice"],"picked":"Noxious Fumes","floor":10},{"not_picked":["Distraction","Dagger Spray"],"picked":"Dagger Throw","floor":11},{"not_picked":["Choke","Night Terror","Reflex"],"picked":"SKIP","floor":12},{"not_picked":["Sucker Punch","Deadly Poison","Slice"],"picked":"SKIP","floor":13},{"not_picked":["Outmaneuver","Deflect","Deadly Poison"],"picked":"SKIP","floor":14},{"not_picked":["Tools of the Trade","Burst"],"picked":"Envenom","floor":16},{"not_picked":["Terror","All Out Attack","Finisher"],"picked":"SKIP","floor":18},{"not_picked":["Accuracy","Prepared"],"picked":"Calculated Gamble","floor":21},{"not_picked":["Blade Dance","Dagger Throw"],"picked":"Flechettes","floor":23},{"not_picked":["Prepared","Calculated Gamble"],"picked":"Deflect+1","floor":25},{"not_picked":["Dagger Spray","Quick Slash"],"picked":"Adrenaline","floor":27},{"not_picked":["Catalyst","Cloak And Dagger"],"picked":"Acrobatics","floor":28},{"not_picked":["Quick Slash","Slice","Sucker Punch"],"picked":"SKIP","floor":29},{"not_picked":["Quick Slash","Slice","Sucker Punch"],"picked":"SKIP","floor":29},{"not_picked":["Masterful Stab","Endless Agony","Deflect"],"picked":"SKIP","floor":30},{"not_picked":["Bane","Deadly Poison","Underhanded Strike"],"picked":"SKIP","floor":31},{"not_picked":["A Thousand Cuts","After Image"],"picked":"Night Terror+1","floor":33},{"not_picked":["Quick Slash","Deflect+1"],"picked":"Footwork","floor":35},{"not_picked":["Madness+1","Finesse+1"],"picked":"Dark Shackles+1","floor":36},{"not_picked":["Panacea+1","Madness+1"],"picked":"Dark Shackles+1","floor":36},{"not_picked":["Dramatic Entrance","Discovery+1"],"picked":"Good Instincts+1","floor":36},{"not_picked":["Sucker Punch","Cloak And Dagger+1","Flying Knee"],"picked":"SKIP","floor":38},{"not_picked":["PiercingWail+1","Riddle With Holes"],"picked":"Footwork","floor":40},{"not_picked":["Dagger Spray","Quick Slash+1"],"picked":"Bouncing Flask+1","floor":44},{"not_picked":["Caltrops","Dash+1"],"picked":"Dodge and Roll+1","floor":46},{"not_picked":["Outmaneuver+1","Footwork"],"picked":"Leg Sweep+1","floor":55}],"player_experience":4523621,"relics_obtained":[{"floor":6,"key":"Mango"},{"floor":8,"key":"Blood Vial"},{"floor":9,"key":"Gremlin Horn"},{"floor":10,"key":"Orichalcum"},{"floor":12,"key":"Bird Faced Urn"},{"floor":23,"key":"Du-Vu Doll"},{"floor":26,"key":"Vajra"},{"floor":29,"key":"War Paint"},{"floor":31,"key":"Toxic Egg 2"},{"floor":40,"key":"Omamori"},{"floor":46,"key":"Dodecahedron"},{"floor":55,"key":"Bag of Marbles"}],"event_choices":[{"damage_healed":0,"gold_gain":0,"player_choice":"Paid Gold","damage_taken":0,"relics_obtained":["Strawberry"],"max_hp_gain":0,"max_hp_loss":0,"event_name":"WeMeetAgain","floor":4,"gold_loss":73},{"damage_healed":0,"gold_gain":0,"player_choice":"Simplicity","damage_taken":0,"max_hp_gain":0,"max_hp_loss":0,"event_name":"Back to Basics","floor":19,"gold_loss":0,"cards_upgraded":["Defend_G","Defend_G","Defend_G","Defend_G","Defend_G","Strike_G","Strike_G","Strike_G","Strike_G","Strike_G"]},{"damage_healed":0,"gold_gain":0,"player_choice":"Obtained Relic","damage_taken":0,"relics_obtained":["Sundial"],"max_hp_gain":0,"max_hp_loss":0,"event_name":"Addict","floor":20,"gold_loss":85},{"damage_healed":0,"gold_gain":0,"player_choice":"Memory 3","damage_taken":10,"max_hp_gain":0,"max_hp_loss":0,"event_name":"SensoryStone","floor":36,"gold_loss":0},{"damage_healed":0,"gold_gain":0,"player_choice":"Paid","damage_taken":0,"relics_obtained":["Red Mask"],"max_hp_gain":0,"max_hp_loss":0,"event_name":"Tomb of Lord Red Mask","floor":39,"gold_loss":84},{"cards_removed":["Dagger Spray"],"damage_healed":0,"gold_gain":0,"player_choice":"Removed Attack","damage_taken":0,"max_hp_gain":0,"max_hp_loss":0,"event_name":"Falling","floor":48,"gold_loss":0}],"is_beta":true,"boss_relics":[{"not_picked":["HoveringKite","Eternal Feather"],"picked":"Velvet Choker"},{"not_picked":["Tiny House","Calling Bell"],"picked":"Runic Pyramid"}],"items_purged_floors":[22,37],"is_endless":false,"potions_floor_spawned":[3,5,6,10,12,13,21,23,27,29,30,31,38,44,46,55],"ascension_level":20}