{"gold_per_floor":[109,109,119,119,3,28,28,46,96,125,137,149,177,191,191,269,269,285,301,2,52,70,70,105,105,105,105,130,130,50,66,66,137,137,148,162,162,177,22,47,47,66,66,95,107,120,120,145,145,145,145,145,145,12,38,38],"floor_reached":56,"playtime":5133,"items_purged":["Strike_B","Decay"],"score":2219,"play_id":"80bd992a-e93f-49a1-9ba9-e72ed70e3e8a","local_time":"20190120135944","is_ascension_mode":true,"campfire_choices":[{"data":"Tempest","floor":7,"key":"SMITH"},{"data":"Fission","floor":15,"key":"SMITH"},{"data":"Coolheaded","floor":23,"key":"SMITH"},{"floor":27,"key":"REST"},{"floor":32,"key":"REST"},{"data":"Apotheosis","floor":41,"key":"SMITH"},{"floor":47,"key":"RECALL"},{"floor":49,"key":"REST"},{"floor":53,"key":"REST"}],"neow_cost":"PERCENT_DAMAGE","seed_source_timestamp":195445765500561,"circlet_count":0,"master_deck":["AscendersBane","Strike_B","Strike_B","Defend_B","Defend_B","Defend_B","Defend_B","Zap","Dualcast","Hologram","Coolheaded+1","Blizzard","Gash","Compile Driver","Tempest+1","Gash","Gash","Coolheaded","Fission+1","Hologram","Biased Cognition","Coolheaded","Capacitor","Fission","Coolheaded","Capacitor+1","Defragment","Coolheaded","Recycle","Fission","Apotheosis+1","Coolheaded+1","Recycle","Coolheaded","Defragment","Defragment"],"relics":["Cracked Core","DataDisk","Bag of Marbles","Nunchaku","Pen Nib","Cursed Key","OrangePellets","The Courier","Strawberry","Orrery","Potion Belt","Gambling Chip","Dream Catcher","Emotion Chip"],"potions_floor_usage":[11,16,19,24,55,55,55,55,56],"damage_taken":[{"damage":5,"enemies":"Small Slimes","floor":1,"turns":3},{"damage":0,"enemies":"2 Louse","floor":3,"turns":1},{"damage":28,"enemies":"3 Sentries","floor":6,"turns":9},{"damage":0,"enemies":"Cultist","floor":8,"turns":3},{"damage":7,"enemies":"Lagavulin","floor":10,"turns":6},{"damage":22,"enemies":"Gremlin Gang","floor":11,"turns":3},{"damage":0,"enemies":"2 Fungi Beasts","floor":12,"turns":2},{"damage":5,"enemies":"3 Sentries","floor":13,"turns":8},{"damage":0,"enemies":"Blue Slaver","floor":14,"turns":3},{"damage":0,"enemies":"Slime Boss","floor":16,"turns":4},{"damage":0,"enemies":"3 Byrds","floor":18,"turns":3},{"damage":6,"enemies":"2 Thieves","floor":19,"turns":3},{"damage":0,"enemies":"Chosen and Byrds","floor":22,"turns":3},{"damage":21,"enemies":"Gremlin Leader","floor":24,"turns":6},{"damage":46,"enemies":"Slavers","floor":28,"turns":4},{"damage":13,"enemies":"Shelled Parasite and Fungi","floor":31,"turns":6},{"damage":18,"enemies":"Collector","floor":33,"turns":9},{"damage":0,"enemies":"3 Darklings","floor":35,"turns":5},{"damage":0,"enemies":"Orb Walker","floor":36,"turns":3},{"damage":0,"enemies":"Maw","floor":38,"turns":8},{"damage":10,"enemies":"Giant Head","floor":40,"turns":8},{"damage":20,"enemies":"4 Shapes","floor":42,"turns":2},{"damage":0,"enemies":"Nemesis","floor":44,"turns":29},{"damage":0,"enemies":"Transient","floor":45,"turns":6},{"damage":0,"enemies":"Spire Growth","floor":46,"turns":3},{"damage":15,"enemies":"Reptomancer","floor":48,"turns":5},{"damage":22,"enemies":"Donu and Deca","floor":50,"turns":10},{"damage":22,"enemies":"Time Eater","floor":51,"turns":21},{"damage":87,"enemies":"Shield and Spear","floor":55,"turns":5},{"damage":5,"enemies":"The Heart","floor":56,"turns":2}],"seed_played":"5580821902246744547","potions_obtained":[{"floor":6,"key":"Swift Potion"},{"floor":10,"key":"FearPotion"},{"floor":12,"key":"AttackPotion"},{"floor":16,"key":"EssenceOfSteel"},{"floor":19,"key":"Weak Potion"},{"floor":31,"key":"Block Potion"},{"floor":42,"key":"FearPotion"},{"floor":48,"key":"Strength Potion"},{"floor":55,"key":"SkillPotion"}],"is_trial":false,"path_per_floor":["M","?","M","?","$","E","R","M","T","E","M","M","E","M","R","B",null,"M","M","$","?","M","R","E","?","T","R","E","?","$","M","R","B",null,"M","M","$","M","$","E","R","M","T","E","M","M","R","E","R","B","B",null,"R","$","E","B"],"character_chosen":"DEFECT","items_purchased":["Gash","Compile Driver","OrangePellets","Apotheosis","Defragment","Defragment","Swift Potion"],"campfire_rested":4,"item_purchase_floors":[5,5,20,39,54,54,54],"current_hp_per_floor":[55,83,83,83,83,55,55,55,55,48,26,26,21,21,21,21,69,69,63,63,63,63,63,42,42,42,67,28,28,28,15,42,24,75,75,75,75,75,75,65,65,45,45,45,45,45,45,30,57,35,13,72,92,92,5,0],"gold":38,"neow_bonus":"TWENTY_PERCENT_HP_BONUS","is_prod":false,"is_daily":false,"chose_seed":false,"campfire_upgraded":4,"win_rate":0,"timestamp":1548021584,"path_taken":["M","?","M","?","$","E","R","M","T","E","?","?","E","M","R","BOSS","M","M","$","?","M","R","E","?","T","R","E","?","$","M","R","BOSS","M","?","$","M","$","E","R","M","T","E","M","?","R","E","R","BOSS","BOSS","R","$","E","BOSS"],"build_version":"2019-01-19","purchased_purges":2,"victory":false,"max_hp_per_floor":[85,85,85,85,85,85,85,85,85,85,85,85,85,85,85,85,85,85,85,85,85,85,85,85,85,85,85,92,92,92,92,92,92,92,92,92,92,92,92,92,92,92,92,92,92,92,92,92,92,92,92,92,92,92,92,92],"card_choices":[{"not_picked":["Rebound","Beam Cell"],"picked":"Hologram","floor":1},{"not_picked":["Barrage","Melter"],"picked":"Coolheaded","floor":3},{"not_picked":["Stack","Reinforced Body"],"picked":"Tempest","floor":6},{"not_picked":["Double Energy","Turbo"],"picked":"Gash","floor":8},{"not_picked":["Hello World","Chaos"],"picked":"Gash","floor":10},{"not_picked":["Beam Cell","Tempest"],"picked":"Coolheaded","floor":11},{"not_picked":["Reprogram","Cold Snap"],"picked":"Fission","floor":12},{"not_picked":["Compile Driver","Aggregate","Rebound"],"picked":"SKIP","floor":13},{"not_picked":["Cold Snap","Redo"],"picked":"Hologram","floor":14},{"not_picked":["Reboot","Meteor Strike"],"picked":"Biased Cognition","floor":16},{"not_picked":["Sweeping Beam","Melter"],"picked":"Coolheaded","floor":18},{"not_picked":["Auto Shields","Reprogram"],"picked":"Capacitor","floor":19},{"not_picked":["Turbo","Blizzard","Rebound"],"picked":"SKIP","floor":22},{"not_picked":["Amplify","Ball Lightning"],"picked":"Fission","floor":24},{"not_picked":["Cold Snap+1","Beam Cell","Reprogram"],"picked":"SKIP","floor":28},{"not_picked":["Glacier","Go for the Eyes"],"picked":"Coolheaded","floor":31},{"not_picked":["Beam Cell","Compile Driver"],"picked":"Capacitor+1","floor":34},{"not_picked":["Hello World","Turbo"],"picked":"Defragment","floor":34},{"not_picked":["Static Discharge+1","Go for the Eyes"],"picked":"Coolheaded","floor":35},{"not_picked":["Coolheaded","Stack"],"picked":"Recycle","floor":36},{"not_picked":["Gash","Rip and Tear+1"],"picked":"Fission","floor":38},{"not_picked":["Chaos","Cold Snap","Buffer"],"picked":"SKIP","floor":40},{"not_picked":["Conserve Battery","Glacier"],"picked":"Coolheaded+1","floor":42},{"not_picked":["Compile Driver","Machine Learning","Ball Lightning+1"],"picked":"SKIP","floor":44},{"not_picked":["Steam","Compile Driver","White Noise"],"picked":"SKIP","floor":45},{"not_picked":["Scrape+1","Blizzard","Streamline"],"picked":"SKIP","floor":46},{"not_picked":["Conserve Battery","Rainbow"],"picked":"Recycle","floor":48},{"not_picked":["Compile Driver","Conserve Battery"],"picked":"Coolheaded","floor":49},{"not_picked":["Turbo+1","Compile Driver","Streamline"],"picked":"SKIP","floor":55}],"player_experience":4441721,"relics_obtained":[{"floor":6,"key":"DataDisk"},{"floor":9,"key":"Bag of Marbles"},{"floor":10,"key":"Nunchaku"},{"floor":13,"key":"Pen Nib"},{"floor":24,"key":"The Courier"},{"floor":28,"key":"Strawberry"},{"floor":40,"key":"Potion Belt"},{"floor":44,"key":"Gambling Chip"},{"floor":48,"key":"Dream Catcher"},{"floor":55,"key":"Emotion Chip"}],"event_choices":[{"damage_healed":28,"gold_gain":0,"player_choice":"Banana","damage_taken":0,"max_hp_gain":0,"max_hp_loss":0,"event_name":"Big Fish","floor":2,"gold_loss":0},{"damage_healed":0,"gold_gain":0,"cards_transformed":["Strike_B"],"player_choice":"Transformed","damage_taken":0,"max_hp_gain":0,"max_hp_loss":0,"event_name":"Transmorgrifier","floor":4,"gold_loss":0,"cards_obtained":["Blizzard"]},{"damage_healed":0,"gold_gain":50,"player_choice":"Stole From Cult","damage_taken":0,"max_hp_gain":0,"max_hp_loss":0,"event_name":"Nest","floor":21,"gold_loss":0},{"damage_healed":0,"gold_gain":0,"player_choice":"Ignored","damage_taken":0,"max_hp_gain":0,"max_hp_loss":0,"event_name":"Cursed Tome","floor":25,"gold_loss":0},{"damage_healed":0,"gold_gain":0,"player_choice":"Ignored","damage_taken":0,"max_hp_gain":0,"max_hp_loss":0,"event_name":"N\u0027loth","floor":29,"gold_loss":0}],"is_beta":true,"boss_relics":[{"not_picked":["Empty Cage","FrozenCore"],"picked":"Cursed Key"},{"not_picked":["Busted Crown","Eternal Feather"],"picked":"Orrery"}],"items_purged_floors":[20,30],"is_endless":false,"potions_floor_spawned":[6,10,12,16,19,31,33,35,36,42,48,55],"killed_by":"The Heart","ascension_level":20}