{"gold_per_floor":[20,36,52,52,63,90,103,103,103,167,167,6,32,49,49,124,124,135,135,60,79,179,209,209,135,135,135,167,180,210,222,222,300,300,316,316,334,349,449,449,480,480,480,510,527,537,537,555,555,555,555,555,555,10,10],"floor_reached":55,"playtime":5078,"items_purged":["Strike_R"],"score":2014,"play_id":"1e28b5a9-f79d-41b6-be2e-1f9a8caedfd6","local_time":"20190128123904","is_ascension_mode":true,"campfire_choices":[{"data":"Bash","floor":8,"key":"SMITH"},{"data":"Clothesline","floor":15,"key":"SMITH"},{"data":"Inflame","floor":24,"key":"SMITH"},{"floor":27,"key":"REST"},{"data":"Spot Weakness","floor":32,"key":"SMITH"},{"data":"Demon Form","floor":40,"key":"SMITH"},{"data":"Evolve","floor":42,"key":"SMITH"},{"floor":47,"key":"RECALL"},{"data":"Juggernaut","floor":49,"key":"SMITH"},{"floor":53,"key":"REST"}],"neow_cost":"NO_GOLD","seed_source_timestamp":438551738881863,"circlet_count":0,"master_deck":["AscendersBane","Defend_R","Defend_R","Defend_R","Defend_R","Bash+1","Headbutt","Armaments","Clothesline+1","Combust","Inflame+1","Offering","Corruption","Offering","Immolate+1","Hemokinesis+1","Intimidate+1","Spot Weakness+1","Flame Barrier","Feel No Pain","Reaper","Shrug It Off","Burning Pact+1","Demon Form+1","Sword Boomerang","Evolve+1","Shrug It Off","Heavy Blade+1","Juggernaut+1","Parasite","Limit Break","Uppercut"],"relics":["Burning Blood","Singing Bowl","Pen Nib","Tiny Chest","Meat on the Bone","Astrolabe","StoneCalendar","Pear","Sundial","Pantograph","Gambling Chip","Happy Flower","Runic Dome","Turnip","Lantern","Bag of Marbles","Medical Kit"],"potions_floor_usage":[6,6,18,33,51],"damage_taken":[{"damage":4,"enemies":"Jaw Worm","floor":1,"turns":5},{"damage":10,"enemies":"Small Slimes","floor":2,"turns":4},{"damage":0,"enemies":"Cultist","floor":3,"turns":2},{"damage":9,"enemies":"Red Slaver","floor":5,"turns":3},{"damage":22,"enemies":"3 Sentries","floor":6,"turns":10},{"damage":7,"enemies":"Looter","floor":7,"turns":4},{"damage":8,"enemies":"Gremlin Nob","floor":10,"turns":3},{"damage":21,"enemies":"Lagavulin","floor":13,"turns":3},{"damage":9,"enemies":"Exordium Thugs","floor":14,"turns":4},{"damage":38,"enemies":"The Guardian","floor":16,"turns":12},{"damage":11,"enemies":"Shell Parasite","floor":18,"turns":2},{"damage":21,"enemies":"2 Thieves","floor":21,"turns":4},{"damage":16,"enemies":"Colosseum Slavers","floor":22,"turns":2},{"damage":8,"enemies":"Colosseum Nobs","floor":22,"turns":2},{"damage":58,"enemies":"Book of Stabbing","floor":23,"turns":5},{"damage":32,"enemies":"Slavers","floor":28,"turns":4},{"damage":18,"enemies":"Centurion and Healer","floor":29,"turns":7},{"damage":27,"enemies":"Gremlin Leader","floor":30,"turns":4},{"damage":16,"enemies":"Snake Plant","floor":31,"turns":4},{"damage":52,"enemies":"Collector","floor":33,"turns":7},{"damage":92,"enemies":"3 Darklings","floor":35,"turns":7},{"damage":15,"enemies":"Orb Walker","floor":37,"turns":3},{"damage":41,"enemies":"Maw","floor":38,"turns":6},{"damage":17,"enemies":"Mind Bloom Boss Battle","floor":39,"turns":7},{"damage":49,"enemies":"Nemesis","floor":41,"turns":7},{"damage":34,"enemies":"Giant Head","floor":44,"turns":6},{"damage":12,"enemies":"3 Darklings","floor":45,"turns":1},{"damage":31,"enemies":"Transient","floor":46,"turns":6},{"damage":18,"enemies":"Writhing Mass","floor":48,"turns":5},{"damage":94,"enemies":"Donu and Deca","floor":50,"turns":6},{"damage":125,"enemies":"Awakened One","floor":51,"turns":8},{"damage":125,"enemies":"Shield and Spear","floor":55,"turns":5}],"seed_played":"2700295601554589088","potions_obtained":[{"floor":3,"key":"Swift Potion"},{"floor":5,"key":"Regen Potion"},{"floor":6,"key":"Dexterity Potion"},{"floor":16,"key":"Block Potion"},{"floor":18,"key":"PowerPotion"},{"floor":35,"key":"Block Potion"},{"floor":48,"key":"LiquidBronze"}],"is_trial":false,"path_per_floor":["M","M","M","?","M","E","M","R","T","E","?","$","E","M","R","B",null,"M","?","$","M","?","E","R","$","T","R","E","M","E","M","R","B",null,"M","?","M","M","?","R","E","R","T","E","M","M","R","M","R","B","B",null,"R","$","E"],"character_chosen":"IRONCLAD","items_purchased":["Offering","Feel No Pain","Limit Break","Medical Kit","SteroidPotion","Weak Potion","Uppercut"],"campfire_rested":2,"item_purchase_floors":[12,25,54,54,54,54,54],"current_hp_per_floor":[84,80,86,91,88,87,86,86,86,86,79,79,64,63,63,43,84,81,81,81,66,78,38,38,38,38,71,57,74,65,70,70,71,103,47,114,114,100,116,116,73,73,73,101,97,104,104,109,109,90,41,102,122,122,0],"gold":10,"neow_bonus":"TWENTY_PERCENT_HP_BONUS","is_prod":false,"is_daily":false,"chose_seed":false,"campfire_upgraded":7,"win_rate":0,"timestamp":1548707944,"path_taken":["M","M","M","?","M","E","M","R","T","E","?","?","E","?","R","BOSS","M","?","?","?","?","E","R","?","T","R","E","M","E","M","R","BOSS","M","?","M","?","?","R","E","R","T","E","M","M","R","M","R","BOSS","BOSS","R","$","E"],"build_version":"2019-01-23","purchased_purges":1,"victory":false,"max_hp_per_floor":[89,89,89,94,94,94,94,94,94,96,96,96,96,98,98,98,98,100,100,100,100,112,112,112,112,112,112,112,112,114,114,114,114,114,114,114,114,114,116,116,116,116,116,116,118,120,120,122,122,122,122,122,122,122,122],"card_choices":[{"not_picked":["Clash","Bloodletting"],"picked":"Headbutt","floor":1},{"not_picked":["Thunderclap","Wild Strike"],"picked":"Carnage","floor":2},{"not_picked":["Searing Blow","True Grit"],"picked":"Armaments","floor":3},{"not_picked":["Searing Blow","Entrench"],"picked":"Clothesline","floor":5},{"not_picked":["Flex","Sword Boomerang"],"picked":"Combust","floor":6},{"not_picked":["Anger","Fire Breathing"],"picked":"Inflame","floor":7},{"not_picked":["Fire Breathing","Reckless Charge","Heavy Blade"],"picked":"Singing Bowl","floor":10},{"not_picked":["Clash","Berserk"],"picked":"Corruption","floor":13},{"not_picked":["Flex","Clothesline","Headbutt"],"picked":"Singing Bowl","floor":14},{"not_picked":["Double Tap","Juggernaut"],"picked":"Offering","floor":16},{"not_picked":["Intimidate","Heavy Blade","Clothesline"],"picked":"Singing Bowl","floor":18},{"not_picked":["True Grit","Ghostly Armor"],"picked":"Spot Weakness","floor":21},{"not_picked":["Havoc","Corruption","Pommel Strike"],"picked":"Singing Bowl","floor":22},{"not_picked":["Dual Wield","Dropkick"],"picked":"Flame Barrier","floor":23},{"not_picked":["Rampage+1","Headbutt"],"picked":"Reaper","floor":28},{"not_picked":["Sentinel","Entrench"],"picked":"Shrug It Off","floor":29},{"not_picked":["Flex","Thunderclap","Carnage"],"picked":"Singing Bowl","floor":30},{"not_picked":["Sword Boomerang","Sever Soul"],"picked":"Burning Pact+1","floor":31},{"not_picked":["Immolate","Double Tap"],"picked":"Demon Form","floor":33},{"not_picked":["Havoc","Bloodletting+1"],"picked":"Sword Boomerang","floor":35},{"not_picked":["Anger","Corruption"],"picked":"Evolve","floor":37},{"not_picked":["True Grit","Clash"],"picked":"Shrug It Off","floor":38},{"not_picked":["Pummel","Warcry","Perfected Strike"],"picked":"Singing Bowl","floor":39},{"not_picked":["Metallicize","Hemokinesis"],"picked":"Heavy Blade+1","floor":41},{"not_picked":["Carnage","Blood for Blood"],"picked":"Juggernaut","floor":44},{"not_picked":["Entrench","Seeing Red","Anger"],"picked":"Singing Bowl","floor":45},{"not_picked":["Headbutt","Bloodletting+1","Pummel"],"picked":"Singing Bowl","floor":46},{"not_picked":["Combust+1","Anger","Fire Breathing+1"],"picked":"Singing Bowl","floor":48}],"player_experience":4548804,"relics_obtained":[{"floor":6,"key":"Singing Bowl"},{"floor":9,"key":"Pen Nib"},{"floor":10,"key":"Tiny Chest"},{"floor":13,"key":"Meat on the Bone"},{"floor":22,"key":"StoneCalendar"},{"floor":22,"key":"Pear"},{"floor":23,"key":"Sundial"},{"floor":26,"key":"Pantograph"},{"floor":28,"key":"Gambling Chip"},{"floor":30,"key":"Happy Flower"},{"floor":39,"key":"Turnip"},{"floor":41,"key":"Lantern"},{"floor":44,"key":"Bag of Marbles"}],"event_choices":[{"damage_healed":0,"gold_gain":0,"player_choice":"Donut","damage_taken":0,"max_hp_gain":5,"max_hp_loss":0,"event_name":"Big Fish","floor":4,"gold_loss":0},{"cards_removed":["Strike_R"],"damage_healed":0,"gold_gain":0,"player_choice":"Card Removal","damage_taken":7,"max_hp_gain":0,"max_hp_loss":0,"event_name":"Golden Wing","floor":11,"gold_loss":0},{"damage_healed":0,"gold_gain":0,"player_choice":"Leave","damage_taken":0,"max_hp_gain":0,"max_hp_loss":0,"event_name":"FaceTrader","floor":19,"gold_loss":0},{"damage_healed":0,"gold_gain":0,"player_choice":"Fight","damage_taken":0,"max_hp_gain":0,"max_hp_loss":0,"event_name":"Colosseum","floor":22,"gold_loss":0},{"damage_healed":0,"gold_gain":0,"player_choice":"Fought Nobs","damage_taken":0,"max_hp_gain":0,"max_hp_loss":0,"event_name":"Colosseum","floor":22,"gold_loss":0},{"cards_removed":["Carnage"],"damage_healed":67,"gold_gain":0,"player_choice":"Offered Uncommon","damage_taken":0,"max_hp_gain":0,"max_hp_loss":0,"event_name":"Bonfire Elementals","floor":36,"gold_loss":0},{"damage_healed":0,"gold_gain":0,"player_choice":"Fight","damage_taken":0,"max_hp_gain":0,"max_hp_loss":0,"event_name":"MindBloom","floor":39,"gold_loss":0}],"is_beta":true,"boss_relics":[{"not_picked":["Lizard Tail","Coffee Dripper"],"picked":"Astrolabe"},{"not_picked":["Pandora\u0027s Box","Eternal Feather"],"picked":"Runic Dome"}],"items_purged_floors":[20],"is_endless":false,"potions_floor_spawned":[3,5,6,16,18,21,23,28,35,37,41,46,48],"killed_by":"Shield and Spear","ascension_level":20}