{"gold_per_floor":[115,40,40,59,77,77,110,110,181,181,181,210,210,38,38,113,113,127,127,139,64,80,114,126,166,178,190,63,81,81,106,106,180,180,198,212,34,34,46,46,81,81,81,81,81,81,181,211,211,211,211,211,211,5,31,31],"floor_reached":57,"playtime":5934,"items_purged":["Defend_B","Strike_B","Defend_B"],"score":2740,"play_id":"76b3afaf-77ff-4c48-a983-bce6aa872417","local_time":"20190123120650","is_ascension_mode":true,"campfire_choices":[{"data":"Zap","floor":6,"key":"SMITH"},{"data":"Coolheaded","floor":8,"key":"SMITH"},{"floor":10,"key":"REST"},{"data":"Ball Lightning","floor":15,"key":"SMITH"},{"floor":24,"key":"REST"},{"data":"Defragment","floor":30,"key":"SMITH"},{"data":"Coolheaded","floor":32,"key":"SMITH"},{"data":"Defragment","floor":40,"key":"SMITH"},{"data":"Biased Cognition","floor":42,"key":"SMITH"},{"floor":46,"key":"RECALL"},{"data":"Capacitor","floor":49,"key":"SMITH"},{"floor":53,"key":"REST"}],"neow_cost":"TEN_PERCENT_HP_LOSS","seed_source_timestamp":3721659699576,"circlet_count":0,"master_deck":["AscendersBane","Defend_B+1","Defend_B","Dualcast+1","Ball Lightning","Ball Lightning+1","Coolheaded+1","Glacier","Biased Cognition+1","Blizzard","Capacitor+1","Go for the Eyes+1","Chill","Coolheaded+1","Blizzard","Defragment+1","Defragment+1","Static Discharge","Defragment","Glacier+1"],"relics":["Cracked Core","Incense Burner","Juzu Bracelet","Question Card","War Paint","DataDisk","Busted Crown","MawBank","Mango","Orichalcum","Sozu","Bottled Lightning","Gambling Chip","Toxic Egg 2","Dead Branch","Letter Opener","Torii"],"potions_floor_usage":[25,25,31,56,56],"damage_taken":[{"damage":0,"enemies":"Cultist","floor":1,"turns":3},{"damage":2,"enemies":"Jaw Worm","floor":4,"turns":3},{"damage":11,"enemies":"2 Louse","floor":5,"turns":3},{"damage":21,"enemies":"3 Sentries","floor":7,"turns":6},{"damage":9,"enemies":"Lagavulin","floor":12,"turns":5},{"damage":2,"enemies":"The Guardian","floor":16,"turns":12},{"damage":0,"enemies":"Chosen","floor":18,"turns":3},{"damage":0,"enemies":"Spheric Guardian","floor":20,"turns":3},{"damage":19,"enemies":"Snake Plant","floor":22,"turns":3},{"damage":11,"enemies":"Book of Stabbing","floor":23,"turns":5},{"damage":15,"enemies":"Gremlin Leader","floor":25,"turns":5},{"damage":4,"enemies":"Chosen and Byrds","floor":29,"turns":6},{"damage":7,"enemies":"Book of Stabbing","floor":31,"turns":5},{"damage":3,"enemies":"Automaton","floor":33,"turns":10},{"damage":27,"enemies":"3 Darklings","floor":35,"turns":4},{"damage":0,"enemies":"3 Shapes","floor":36,"turns":4},{"damage":2,"enemies":"3 Darklings","floor":39,"turns":5},{"damage":0,"enemies":"Giant Head","floor":41,"turns":13},{"damage":0,"enemies":"Mind Bloom Boss Battle","floor":47,"turns":5},{"damage":0,"enemies":"Reptomancer","floor":48,"turns":6},{"damage":4,"enemies":"Awakened One","floor":50,"turns":14},{"damage":13,"enemies":"Donu and Deca","floor":51,"turns":11},{"damage":54,"enemies":"Shield and Spear","floor":55,"turns":9},{"damage":17,"enemies":"The Heart","floor":56,"turns":14}],"seed_played":"2720634917111290508","potions_obtained":[{"floor":12,"key":"FearPotion"},{"floor":16,"key":"Explosive Potion"},{"floor":23,"key":"Swift Potion"},{"floor":25,"key":"Weak Potion"},{"floor":29,"key":"Weak Potion"},{"floor":33,"key":"Ancient Potion"}],"is_trial":false,"path_per_floor":["?","$","?","?","$","?","$","?","?","?","?"],"character_chosen":"DEFECT","items_purchased":["DataDisk","Coolheaded","Blizzard","Defragment","Defragment"],"campfire_rested":3,"item_purchase_floors":[14,28,28,37,54],"current_hp_per_floor":[64,64,64,62,51,51,30,30,30,49,49,40,40,40,40,38,58,58,58,58,58,39,28,47,46,46,46,46,42,42,35,35,32,67,40,40,40,40,38,38,38,38,38,38,38,38,38,38,38,34,21,64,78,78,24,7],"gold":31,"neow_bonus":"ONE_RARE_RELIC","is_prod":false,"is_daily":false,"chose_seed":false,"campfire_upgraded":8,"win_rate":0,"timestamp":1548274010,"path_taken":["M","?","?","M","M","R","E","R","T","R","?","E","?","?","R","BOSS","M","?","M","$","M","E","R","E","T","?","$","M","R","E","R","BOSS","M","M","$","?","M","R","E","R","T","?","?","R","?","E","R","BOSS","BOSS","R","$","E","BOSS"],"build_version":"2019-01-22","purchased_purges":3,"victory":true,"max_hp_per_floor":[64,64,64,64,64,64,64,64,64,64,64,64,64,64,64,64,64,64,64,64,64,64,64,64,78,78,78,78,78,78,78,78,78,78,78,78,78,78,78,78,78,78,78,78,78,78,78,78,78,78,78,78,78,78,78,78],"card_choices":[{"not_picked":["Undo","Go for the Eyes"],"picked":"Ball Lightning","floor":1},{"not_picked":["Redo","Loop","Steam"],"picked":"SKIP","floor":4},{"not_picked":["Cold Snap","Gash"],"picked":"Ball Lightning","floor":5},{"not_picked":["Ball Lightning","Gash"],"picked":"Coolheaded","floor":7},{"not_picked":["Compile Driver","Static Discharge","Coolheaded"],"picked":"Glacier","floor":12},{"not_picked":["Core Surge","All For One","Thunder Strike"],"picked":"Biased Cognition","floor":16},{"not_picked":["Steam"],"picked":"Blizzard","floor":18},{"not_picked":["Hello World+1"],"picked":"Capacitor","floor":20},{"not_picked":["Gash","BootSequence"],"picked":"SKIP","floor":22},{"not_picked":["Rebound"],"picked":"Go for the Eyes+1","floor":23},{"not_picked":["Scrape"],"picked":"Chill","floor":25},{"not_picked":["Glacier"],"picked":"Defragment","floor":29},{"not_picked":["Leap","Cold Snap"],"picked":"SKIP","floor":31},{"not_picked":["Genetic Algorithm","Steam Power"],"picked":"SKIP","floor":35},{"not_picked":["Redo+1","Steam"],"picked":"SKIP","floor":36},{"not_picked":["Sweeping Beam","Beam Cell"],"picked":"SKIP","floor":39},{"not_picked":["Reboot","Reprogram"],"picked":"SKIP","floor":41},{"not_picked":["Force Field+1"],"picked":"Static Discharge","floor":48},{"not_picked":["Streamline"],"picked":"Glacier+1","floor":55}],"player_experience":4464208,"relics_obtained":[{"floor":7,"key":"Juzu Bracelet"},{"floor":9,"key":"Question Card"},{"floor":12,"key":"War Paint"},{"floor":23,"key":"MawBank"},{"floor":25,"key":"Mango"},{"floor":31,"key":"Orichalcum"},{"floor":41,"key":"Bottled Lightning"},{"floor":43,"key":"Gambling Chip"},{"floor":44,"key":"Toxic Egg 2"},{"floor":47,"key":"Dead Branch"},{"floor":48,"key":"Letter Opener"},{"floor":55,"key":"Torii"}],"event_choices":[{"cards_removed":["Strike_B"],"damage_healed":0,"gold_gain":0,"player_choice":"Card Removal","damage_taken":0,"max_hp_gain":0,"max_hp_loss":0,"event_name":"The Cleric","floor":2,"gold_loss":75},{"cards_removed":["Strike_B"],"damage_healed":0,"gold_gain":0,"player_choice":"Purged","damage_taken":0,"max_hp_gain":0,"max_hp_loss":0,"event_name":"Purifier","floor":11,"gold_loss":0},{"damage_healed":0,"gold_gain":0,"player_choice":"0 cards matched","damage_taken":0,"max_hp_gain":0,"max_hp_loss":0,"event_name":"Match and Keep!","floor":13,"gold_loss":0,"cards_obtained":[]},{"cards_removed":["Strike_B"],"damage_healed":0,"gold_gain":0,"player_choice":"Offered Basic","damage_taken":0,"max_hp_gain":0,"max_hp_loss":0,"event_name":"Bonfire Elementals","floor":19,"gold_loss":0},{"cards_removed":["Zap"],"damage_healed":0,"gold_gain":0,"player_choice":"Removed Skill","damage_taken":0,"max_hp_gain":0,"max_hp_loss":0,"event_name":"Falling","floor":38,"gold_loss":0},{"damage_healed":0,"gold_gain":0,"player_choice":"Relic","damage_taken":0,"max_hp_gain":0,"max_hp_loss":0,"event_name":"Wheel of Change","floor":44,"gold_loss":0},{"damage_healed":0,"gold_gain":0,"player_choice":"Ignored","damage_taken":0,"max_hp_gain":0,"max_hp_loss":0,"event_name":"Tomb of Lord Red Mask","floor":45,"gold_loss":0},{"damage_healed":0,"gold_gain":0,"player_choice":"Fight","damage_taken":0,"max_hp_gain":0,"max_hp_loss":0,"event_name":"MindBloom","floor":47,"gold_loss":0}],"is_beta":true,"boss_relics":[{"not_picked":["Philosopher\u0027s Stone","FrozenCore"],"picked":"Busted Crown"},{"not_picked":["Nuclear Battery","Calling Bell"],"picked":"Sozu"}],"items_purged_floors":[21,37,54],"is_endless":false,"potions_floor_spawned":[12,16,23,25,29,33,36,41,47],"ascension_level":20}