{"gold_per_floor":[118,118,118,14,25,25,59,59,59,59,69,69,69,104,104,176,176,192,242,259,97,115,115,115,115,145,145,161,196,229,8,8,83,83,99,321,271,285,285,316,336,336,359,369,384,400,426,426,426,426,426,426,426,29,62,62],"floor_reached":56,"playtime":4665,"items_purged":["Strike_G"],"score":1937,"play_id":"dff61c55-66cf-4f5e-86ef-626a43806af4","local_time":"20190125180433","is_ascension_mode":true,"campfire_choices":[{"data":"Neutralize","floor":6,"key":"SMITH"},{"data":"Quick Slash","floor":8,"key":"SMITH"},{"floor":10,"key":"REST"},{"data":"Deadly Poison","floor":12,"key":"SMITH"},{"data":"Dagger Throw","floor":15,"key":"SMITH"},{"data":"Corpse Explosion","floor":23,"key":"SMITH"},{"data":"Well Laid Plans","floor":27,"key":"SMITH"},{"data":"Grand Finale","floor":32,"key":"SMITH"},{"floor":42,"key":"RECALL"},{"floor":49,"key":"REST"},{"floor":53,"key":"REST"}],"neow_cost":"NONE","seed_source_timestamp":199294136735120,"circlet_count":0,"master_deck":["AscendersBane","Defend_G","Defend_G","Defend_G","Defend_G","Defend_G","Survivor","Neutralize+1","Dagger Throw+1","Quick Slash+1","Dagger Throw","Blur","Deadly Poison+1","Cloak And Dagger","Corpse Explosion+1","Expertise+1","Dagger Throw+1","After Image+1","Backstab","PiercingWail","Adrenaline","Well Laid Plans+1","PiercingWail","Blade Dance+1","Grand Finale+1","After Image+1","Burst+1","Sucker Punch+1","Backflip","Infinite Blades","Caltrops","Deadly Poison","Leg Sweep+1","Deflect+1","Leg Sweep"],"relics":["Ring of the Snake","Potion Belt","Dream Catcher","Anchor","Bag of Marbles","Astrolabe","Strawberry","Tiny Chest","Red Mask","Meat on the Bone","DollysMirror","Fusion Hammer","Boot","Bottled Tornado","Juzu Bracelet","Sundial","Snake Skull","TheAbacus","Pantograph"],"potions_floor_usage":[20,22,47,55,56,56,56,56],"damage_taken":[{"damage":8,"enemies":"Jaw Worm","floor":1,"turns":7},{"damage":3,"enemies":"Small Slimes","floor":5,"turns":4},{"damage":22,"enemies":"Gremlin Nob","floor":7,"turns":4},{"damage":0,"enemies":"2 Louse","floor":11,"turns":2},{"damage":8,"enemies":"Lagavulin","floor":14,"turns":9},{"damage":14,"enemies":"The Guardian","floor":16,"turns":11},{"damage":10,"enemies":"Shell Parasite","floor":18,"turns":9},{"damage":2,"enemies":"3 Byrds","floor":20,"turns":6},{"damage":0,"enemies":"Centurion and Healer","floor":22,"turns":4},{"damage":0,"enemies":"3 Cultists","floor":28,"turns":2},{"damage":0,"enemies":"Masked Bandits","floor":29,"turns":1},{"damage":0,"enemies":"Gremlin Leader","floor":30,"turns":6},{"damage":33,"enemies":"Champ","floor":33,"turns":13},{"damage":10,"enemies":"3 Darklings","floor":35,"turns":3},{"damage":0,"enemies":"Orb Walker","floor":38,"turns":3},{"damage":3,"enemies":"Reptomancer","floor":40,"turns":7},{"damage":0,"enemies":"Maw","floor":41,"turns":7},{"damage":0,"enemies":"3 Darklings","floor":44,"turns":3},{"damage":15,"enemies":"Spire Growth","floor":45,"turns":6},{"damage":0,"enemies":"4 Shapes","floor":46,"turns":4},{"damage":36,"enemies":"Giant Head","floor":47,"turns":9},{"damage":12,"enemies":"Donu and Deca","floor":50,"turns":9},{"damage":38,"enemies":"Time Eater","floor":51,"turns":16},{"damage":16,"enemies":"Shield and Spear","floor":55,"turns":6},{"damage":80,"enemies":"The Heart","floor":56,"turns":11}],"seed_played":"2184676961117039449","potions_obtained":[{"floor":1,"key":"Fire Potion"},{"floor":7,"key":"Weak Potion"},{"floor":11,"key":"Explosive Potion"},{"floor":18,"key":"Poison Potion"},{"floor":28,"key":"Energy Potion"},{"floor":30,"key":"Swift Potion"},{"floor":35,"key":"FearPotion"},{"floor":46,"key":"Dexterity Potion"},{"floor":47,"key":"GamblersBrew"},{"floor":55,"key":"AttackPotion"}],"is_trial":false,"path_per_floor":["M","?","?","$","M","R","E","R","T","R","M","R","$","E","R","B",null,"M","?","M","$","M","R","?","T","T","R","M","?","E","$","R","B",null,"M","?","?","M","?","E","M","R","T","M","M","M","E","T","R","B","B",null,"R","$","E","B"],"character_chosen":"THE_SILENT","items_purchased":["Quick Slash","Adrenaline","Well Laid Plans","DollysMirror","Snake Skull","TheAbacus"],"campfire_rested":3,"item_purchase_floors":[4,21,21,31,54,54],"current_hp_per_floor":[51,56,49,49,46,46,24,24,24,45,45,45,45,37,37,23,59,49,49,47,47,47,47,47,54,54,54,54,54,54,54,54,33,67,57,57,57,57,57,54,54,54,54,54,51,51,27,27,50,50,24,65,78,78,62,0],"gold":62,"neow_bonus":"RANDOM_COMMON_RELIC","is_prod":false,"is_daily":false,"chose_seed":false,"campfire_upgraded":7,"win_rate":0,"timestamp":1548468273,"path_taken":["M","?","?","$","M","R","E","R","T","R","M","R","?","E","R","BOSS","M","?","M","$","M","R","?","?","T","R","M","?","E","$","R","BOSS","M","?","?","?","?","E","M","R","T","M","?","M","E","?","R","BOSS","BOSS","R","$","E","BOSS"],"build_version":"2019-01-23","purchased_purges":1,"victory":false,"max_hp_per_floor":[66,71,71,71,71,71,71,71,71,71,71,71,71,71,71,71,71,71,71,71,71,71,71,71,78,78,78,78,78,78,78,78,78,78,78,78,78,78,78,78,78,78,78,78,78,78,78,78,78,78,78,78,78,78,78,78],"card_choices":[{"not_picked":["Calculated Gamble","Bane"],"picked":"Dagger Throw","floor":1},{"not_picked":["Masterful Stab","Calculated Gamble"],"picked":"Dagger Throw","floor":5},{"not_picked":["Infinite Blades","Blade Dance"],"picked":"Blur","floor":7},{"not_picked":["Dagger Throw","Dagger Spray"],"picked":"Deadly Poison","floor":10},{"not_picked":["Slice","Storm of Steel"],"picked":"Cloak And Dagger","floor":11},{"not_picked":["Outmaneuver","Distraction","Setup"],"picked":"SKIP","floor":14},{"not_picked":["Phantasmal Killer","Venomology"],"picked":"Corpse Explosion","floor":16},{"not_picked":["Outmaneuver","Flying Knee"],"picked":"Backstab","floor":18},{"not_picked":["Riddle With Holes","Prepared"],"picked":"PiercingWail","floor":20},{"not_picked":["Blade Dance","Deflect"],"picked":"PiercingWail","floor":22},{"not_picked":["Dagger Throw","Slice"],"picked":"Blade Dance+1","floor":28},{"not_picked":["Prepared","Flechettes"],"picked":"Grand Finale","floor":29},{"not_picked":["Poisoned Stab","Bane","Expertise"],"picked":"SKIP","floor":30},{"not_picked":["Storm of Steel","Bullet Time"],"picked":"Burst","floor":33},{"not_picked":["Outmaneuver","Blade Dance","Dash"],"picked":"SKIP","floor":35},{"not_picked":["Dagger Throw","Quick Slash"],"picked":"Sucker Punch+1","floor":38},{"not_picked":["Dagger Throw+1","Underhanded Strike"],"picked":"Backflip","floor":40},{"not_picked":["Expertise","Venomology"],"picked":"Infinite Blades","floor":41},{"not_picked":["Bane+1","Bouncing Flask"],"picked":"Caltrops","floor":44},{"not_picked":["Deflect","Endless Agony"],"picked":"Deadly Poison","floor":45},{"not_picked":["Backflip","Deflect"],"picked":"Leg Sweep+1","floor":46},{"not_picked":["Quick Slash+1","Slice","Expertise"],"picked":"SKIP","floor":47},{"not_picked":["Blade Dance","Quick Slash+1"],"picked":"Deflect+1","floor":49},{"not_picked":["Bane","Setup+1"],"picked":"Leg Sweep","floor":55}],"player_experience":4515023,"relics_obtained":[{"floor":7,"key":"Dream Catcher"},{"floor":9,"key":"Anchor"},{"floor":14,"key":"Bag of Marbles"},{"floor":25,"key":"Strawberry"},{"floor":26,"key":"Tiny Chest"},{"floor":29,"key":"Red Mask"},{"floor":30,"key":"Meat on the Bone"},{"floor":39,"key":"Boot"},{"floor":40,"key":"Bottled Tornado"},{"floor":47,"key":"Juzu Bracelet"},{"floor":48,"key":"Sundial"},{"floor":55,"key":"Pantograph"}],"event_choices":[{"damage_healed":0,"gold_gain":0,"player_choice":"Donut","damage_taken":0,"max_hp_gain":5,"max_hp_loss":0,"event_name":"Big Fish","floor":2,"gold_loss":0},{"cards_removed":["Strike_G"],"damage_healed":0,"gold_gain":0,"player_choice":"Card Removal","damage_taken":7,"max_hp_gain":0,"max_hp_loss":0,"event_name":"Golden Wing","floor":3,"gold_loss":0},{"damage_healed":0,"gold_gain":50,"player_choice":"Stole From Cult","damage_taken":0,"max_hp_gain":0,"max_hp_loss":0,"event_name":"Nest","floor":19,"gold_loss":0},{"damage_healed":0,"gold_gain":0,"player_choice":"Ignored","damage_taken":0,"max_hp_gain":0,"max_hp_loss":0,"event_name":"Beggar","floor":24,"gold_loss":0},{"damage_healed":0,"gold_gain":0,"player_choice":"Fought Bandits","damage_taken":0,"max_hp_gain":0,"max_hp_loss":0,"event_name":"Masked Bandits","floor":29,"gold_loss":0},{"damage_healed":0,"gold_gain":222,"player_choice":"Wore Mask","damage_taken":0,"max_hp_gain":0,"max_hp_loss":0,"event_name":"Tomb of Lord Red Mask","floor":36,"gold_loss":0},{"damage_healed":0,"gold_gain":0,"player_choice":"Upgrade","damage_taken":0,"max_hp_gain":0,"max_hp_loss":0,"event_name":"Designer","floor":37,"gold_loss":50,"cards_upgraded":["Burst"]},{"damage_healed":0,"gold_gain":0,"player_choice":"Relic","damage_taken":0,"max_hp_gain":0,"max_hp_loss":0,"event_name":"Wheel of Change","floor":39,"gold_loss":0}],"is_beta":true,"boss_relics":[{"not_picked":["HoveringKite","Ring of the Serpent"],"picked":"Astrolabe"},{"not_picked":["Velvet Choker","Eternal Feather"],"picked":"Fusion Hammer"}],"items_purged_floors":[4],"is_endless":false,"potions_floor_spawned":[1,7,11,18,28,30,33,35,41,46,47,55],"killed_by":"The Heart","ascension_level":20}