{"gold_per_floor":[11,31,31,45,45,45,60,74,74,102,115,115,148,20,20,95,95,107,377,393,406,107,107,135,135,189,207,223,248,248,267,267,341,341,355,369,381,394,409,435,435,464,464,464],"floor_reached":44,"playtime":3544,"items_purged":["Strike_G"],"score":1348,"play_id":"66103a54-8e82-42f6-a0be-da752b319181","local_time":"20190122152936","is_ascension_mode":true,"campfire_choices":[{"floor":6,"key":"REST"},{"data":"Noxious Fumes","floor":12,"key":"SMITH"},{"data":"Footwork","floor":15,"key":"SMITH"},{"floor":23,"key":"REST"},{"data":"Catalyst","floor":25,"key":"SMITH"},{"floor":30,"key":"REST"},{"data":"Wraith Form v2","floor":32,"key":"SMITH"},{"floor":41,"key":"REST"}],"neow_cost":"NO_GOLD","seed_source_timestamp":375223443921604,"circlet_count":0,"master_deck":["AscendersBane","Defend_G","Defend_G","Defend_G","Defend_G+1","Defend_G+1","Strike_G+1","Survivor","Neutralize","PiercingWail","Crippling Poison+1","Dagger Throw+1","Dagger Throw+1","Dagger Spray+1","Noxious Fumes+1","Footwork+1","Bullet Time","PiercingWail","Caltrops","Dodge and Roll","Deflect","Well Laid Plans","PiercingWail","Catalyst+1","Bouncing Flask","Poisoned Stab+1","Wraith Form v2+1","Burst","Quick Slash+1","Footwork+1","Reflex+1","Leg Sweep","Deadly Poison+1","PiercingWail+1","Backflip+1"],"relics":["Ring of the Snake","Pocketwatch","Molten Egg 2","Paper Crane","Boot","War Paint","Orrery","TwistedFunnel","Thread and Needle","Bronze Scales","Lantern","Astrolabe","Toxic Egg 2","Torii"],"potions_floor_usage":[10,29,29,40,40,40],"damage_taken":[{"damage":0,"enemies":"Jaw Worm","floor":1,"turns":5},{"damage":0,"enemies":"Small Slimes","floor":2,"turns":5},{"damage":0,"enemies":"Cultist","floor":4,"turns":5},{"damage":4,"enemies":"Lots of Slimes","floor":7,"turns":6},{"damage":0,"enemies":"Looter","floor":8,"turns":4},{"damage":14,"enemies":"3 Sentries","floor":10,"turns":8},{"damage":0,"enemies":"Red Slaver","floor":11,"turns":3},{"damage":0,"enemies":"Lagavulin","floor":13,"turns":5},{"damage":0,"enemies":"The Guardian","floor":16,"turns":11},{"damage":0,"enemies":"Chosen","floor":18,"turns":6},{"damage":8,"enemies":"Spheric Guardian","floor":20,"turns":8},{"damage":0,"enemies":"3 Cultists","floor":21,"turns":4},{"damage":2,"enemies":"Gremlin Leader","floor":24,"turns":7},{"damage":14,"enemies":"Shelled Parasite and Fungi","floor":27,"turns":5},{"damage":5,"enemies":"Centurion and Healer","floor":28,"turns":6},{"damage":9,"enemies":"Slavers","floor":29,"turns":6},{"damage":0,"enemies":"Chosen and Byrds","floor":31,"turns":4},{"damage":22,"enemies":"Automaton","floor":33,"turns":9},{"damage":0,"enemies":"3 Darklings","floor":35,"turns":8},{"damage":0,"enemies":"3 Shapes","floor":36,"turns":3},{"damage":0,"enemies":"Spire Growth","floor":37,"turns":6},{"damage":0,"enemies":"Jaw Worm Horde","floor":38,"turns":5},{"damage":4,"enemies":"Transient","floor":39,"turns":6},{"damage":46,"enemies":"Reptomancer","floor":40,"turns":8},{"damage":0,"enemies":"Giant Head","floor":42,"turns":8},{"damage":30,"enemies":"Reptomancer","floor":44,"turns":2}],"seed_played":"6797195922735470624","potions_obtained":[{"floor":1,"key":"Swift Potion"},{"floor":2,"key":"Block Potion"},{"floor":8,"key":"Explosive Potion"},{"floor":20,"key":"SteroidPotion"},{"floor":33,"key":"SteroidPotion"},{"floor":35,"key":"EntropicBrew"}],"is_trial":false,"path_per_floor":["?","?","?","M","M"],"character_chosen":"THE_SILENT","items_purchased":["Footwork","Poison Potion","TwistedFunnel"],"campfire_rested":4,"item_purchase_floors":[14,14,22],"current_hp_per_floor":[59,59,39,39,34,53,49,49,49,35,35,35,35,35,35,35,58,58,34,26,26,26,45,43,43,43,29,24,15,34,34,34,12,53,53,53,53,53,49,3,22,22,22,0],"gold":464,"neow_bonus":"ONE_RARE_RELIC","is_prod":false,"is_daily":false,"chose_seed":false,"campfire_upgraded":4,"win_rate":0,"timestamp":1548199776,"path_taken":["M","M","?","M","?","R","M","M","T","E","M","R","E","$","R","BOSS","M","?","M","?","$","R","E","R","T","M","M","E","R","M","R","BOSS","M","M","?","M","M","E","R","E","T","E"],"build_version":"2019-01-20","purchased_purges":1,"victory":false,"max_hp_per_floor":[66,66,66,66,66,66,66,66,66,66,66,66,66,66,66,66,66,66,66,66,66,66,66,66,66,66,66,66,66,66,66,66,66,66,66,66,66,66,66,66,66,66,66,66],"card_choices":[{"not_picked":["Eviscerate","Deflect","Tactician"],"picked":"SKIP","floor":1},{"not_picked":["Blade Dance","Underhanded Strike"],"picked":"PiercingWail","floor":2},{"not_picked":["Outmaneuver","Catalyst"],"picked":"Crippling Poison","floor":4},{"not_picked":["PiercingWail","Caltrops"],"picked":"Dagger Throw+1","floor":7},{"not_picked":["Bane+1","Finisher+1"],"picked":"Dagger Throw+1","floor":8},{"not_picked":["Underhanded Strike+1","Storm of Steel"],"picked":"Dagger Spray+1","floor":10},{"not_picked":["Bane+1","Bouncing Flask"],"picked":"Noxious Fumes","floor":11},{"not_picked":["Terror","Bane+1","Noxious Fumes"],"picked":"SKIP","floor":13},{"not_picked":["Grand Finale+1","A Thousand Cuts"],"picked":"Bullet Time","floor":16},{"not_picked":["Flying Knee+1","Bane+1"],"picked":"PiercingWail","floor":17},{"not_picked":["Dagger Spray+1","Deadly Poison"],"picked":"Caltrops","floor":17},{"not_picked":["Calculated Gamble","Underhanded Strike+1"],"picked":"Dodge and Roll","floor":17},{"not_picked":["Poisoned Stab+1","Dagger Throw+1"],"picked":"Deflect","floor":17},{"not_picked":["Quick Slash+1","Reflex"],"picked":"Well Laid Plans","floor":18},{"not_picked":["Die Die Die+1","Blade Dance"],"picked":"PiercingWail","floor":20},{"not_picked":["Prepared","Skewer+1","Distraction"],"picked":"SKIP","floor":21},{"not_picked":["Dash+1","Blade Dance"],"picked":"Catalyst","floor":24},{"not_picked":["Acrobatics","Slice+1"],"picked":"Bouncing Flask","floor":27},{"not_picked":["Dagger Spray+1","Prepared"],"picked":"Poisoned Stab+1","floor":28},{"not_picked":["Acrobatics","All Out Attack+1"],"picked":"Wraith Form v2","floor":29},{"not_picked":["Heel Hook+1","Dagger Throw+1","All Out Attack+1"],"picked":"SKIP","floor":31},{"not_picked":["Storm of Steel","Grand Finale+1"],"picked":"Burst","floor":33},{"not_picked":["Distraction+1","Deadly Poison"],"picked":"Leg Sweep","floor":35},{"not_picked":["Blur","Acrobatics+1","Poisoned Stab+1"],"picked":"SKIP","floor":36},{"not_picked":["Flying Knee+1","Sucker Punch+1","Riddle With Holes+1"],"picked":"SKIP","floor":37},{"not_picked":["Finisher+1","Sucker Punch+1"],"picked":"Deadly Poison+1","floor":38},{"not_picked":["All Out Attack+1","Deflect"],"picked":"PiercingWail+1","floor":39},{"not_picked":["All Out Attack+1","Endless Agony+1"],"picked":"Backflip+1","floor":40},{"not_picked":["Terror+1","Flechettes+1","Dagger Throw+1"],"picked":"SKIP","floor":42}],"player_experience":4460664,"relics_obtained":[{"floor":9,"key":"Paper Crane"},{"floor":10,"key":"Boot"},{"floor":13,"key":"War Paint"},{"floor":24,"key":"Thread and Needle"},{"floor":26,"key":"Bronze Scales"},{"floor":29,"key":"Lantern"},{"floor":40,"key":"Toxic Egg 2"},{"floor":42,"key":"Torii"}],"event_choices":[{"damage_healed":0,"gold_gain":0,"player_choice":"Entered Light","damage_taken":20,"max_hp_gain":0,"max_hp_loss":0,"event_name":"Shining Light","floor":3,"gold_loss":0,"cards_upgraded":["Defend_G","Strike_G"]},{"damage_healed":0,"gold_gain":0,"player_choice":"Success","damage_taken":5,"relics_obtained":["Molten Egg 2"],"max_hp_gain":0,"max_hp_loss":0,"event_name":"Scrap Ooze","floor":5,"gold_loss":0},{"damage_healed":0,"gold_gain":270,"player_choice":"GOLD GOLD GOLD ","damage_taken":24,"max_hp_gain":0,"max_hp_loss":0,"event_name":"Knowing Skull","floor":19,"potions_obtained":[],"gold_loss":0,"cards_obtained":[]}],"is_beta":true,"boss_relics":[{"not_picked":["Lizard Tail","Ring of the Serpent"],"picked":"Orrery"},{"not_picked":["White Beast Statue","Pandora\u0027s Box"],"picked":"Astrolabe"}],"items_purged_floors":[22],"is_endless":false,"potions_floor_spawned":[1,2,4,8,20,21,28,33,35,39],"killed_by":"Reptomancer","ascension_level":20}