{"gold_per_floor":[211,230,250,250,264,264,293,293,293,293,37,66,66,81,81,153,153,171,171,185,185,197,232,244,244,269,269,286,299,299,362,362,441,441,456,468,481,158,168,195,195,205,229,255,255,0,0,14,14,14,14,14,14,14,47,47],"floor_reached":56,"playtime":5341,"items_purged":["Strike_B","Strike_B","Strike_B"],"score":2168,"play_id":"325820d6-8536-4aad-8bf1-104a88607b8d","local_time":"20190130124634","is_ascension_mode":true,"campfire_choices":[{"data":"Loop","floor":6,"key":"SMITH"},{"floor":8,"key":"REST"},{"data":"Doom and Gloom","floor":13,"key":"SMITH"},{"data":"Coolheaded","floor":15,"key":"SMITH"},{"floor":25,"key":"REST"},{"data":"Capacitor","floor":27,"key":"SMITH"},{"data":"Consume","floor":30,"key":"SMITH"},{"data":"Hologram","floor":32,"key":"SMITH"},{"floor":41,"key":"REST"},{"floor":49,"key":"RECALL"},{"floor":53,"key":"REST"}],"neow_cost":"NONE","seed_source_timestamp":91721496585830,"circlet_count":0,"master_deck":["AscendersBane","Defend_B","Defend_B","Defend_B+1","Defend_B","Zap+1","Dualcast","Loop+1","Doom and Gloom+1","BootSequence","Glacier","Compile Driver","Genetic Algorithm","Flash of Steel+1","Genetic Algorithm","Coolheaded+1","Hyperbeam+1","Hologram+1","Conserve Battery+1","Consume+1","Capacitor+1","Glacier","Doom and Gloom+1","Doom and Gloom+1","Loop+1","Meteor Strike+1","Hologram","Glacier","Meteor Strike+1","Undo","Creative AI","Compile Driver+1","Loop+1"],"relics":["Cracked Core","Mercury Hourglass","Molten Egg 2","Blue Candle","Snecko Eye","Enchiridion","War Paint","Oddly Smooth Stone","Tiny Chest","Fusion Hammer","Runic Capacitor","Matryoshka","Bag of Preparation","Dodecahedron","Bottled Lightning"],"potions_floor_usage":[7,33,56,56],"damage_taken":[{"damage":1,"enemies":"Cultist","floor":1,"turns":3},{"damage":4,"enemies":"Jaw Worm","floor":2,"turns":3},{"damage":1,"enemies":"2 Louse","floor":3,"turns":2},{"damage":9,"enemies":"Large Slime","floor":5,"turns":4},{"damage":25,"enemies":"Gremlin Nob","floor":7,"turns":4},{"damage":0,"enemies":"3 Sentries","floor":12,"turns":6},{"damage":0,"enemies":"Exordium Thugs","floor":14,"turns":3},{"damage":21,"enemies":"The Guardian","floor":16,"turns":12},{"damage":0,"enemies":"Chosen","floor":18,"turns":3},{"damage":3,"enemies":"3 Byrds","floor":20,"turns":4},{"damage":8,"enemies":"Snake Plant","floor":22,"turns":6},{"damage":0,"enemies":"Gremlin Leader","floor":23,"turns":4},{"damage":0,"enemies":"3 Cultists","floor":24,"turns":3},{"damage":4,"enemies":"Shelled Parasite and Fungi","floor":28,"turns":9},{"damage":0,"enemies":"Snecko","floor":29,"turns":9},{"damage":2,"enemies":"Book of Stabbing","floor":31,"turns":5},{"damage":0,"enemies":"Collector","floor":33,"turns":8},{"damage":0,"enemies":"3 Darklings","floor":35,"turns":3},{"damage":0,"enemies":"Orb Walker","floor":36,"turns":4},{"damage":12,"enemies":"Jaw Worm Horde","floor":37,"turns":3},{"damage":9,"enemies":"Writhing Mass","floor":39,"turns":8},{"damage":6,"enemies":"Nemesis","floor":40,"turns":9},{"damage":0,"enemies":"Transient","floor":42,"turns":6},{"damage":0,"enemies":"Giant Head","floor":44,"turns":5},{"damage":0,"enemies":"Spire Growth","floor":48,"turns":3},{"damage":25,"enemies":"Awakened One","floor":50,"turns":22},{"damage":1,"enemies":"Time Eater","floor":51,"turns":19},{"damage":33,"enemies":"Shield and Spear","floor":55,"turns":7},{"damage":35,"enemies":"The Heart","floor":56,"turns":2}],"seed_played":"-6161554211442265541","potions_obtained":[{"floor":1,"key":"Weak Potion"},{"floor":12,"key":"Weak Potion"},{"floor":14,"key":"FairyPotion"},{"floor":16,"key":"Ancient Potion"},{"floor":20,"key":"SpeedPotion"},{"floor":23,"key":"PowerPotion"},{"floor":33,"key":"Dexterity Potion"}],"is_trial":false,"path_per_floor":["M","M","M","?","M","R","E","R","T","?","$","E","R","M","R","B",null,"M","?","M","?","M","E","M","R","T","R","M","M","R","E","R","B",null,"M","M","M","$","M","E","R","M","T","E","?","$","?","M","R","B","B",null,"R","$","E","B"],"character_chosen":"DEFECT","items_purchased":["Genetic Algorithm","Flash of Steel+1","Runic Capacitor","Creative AI","SpeedPotion"],"campfire_rested":4,"item_purchase_floors":[11,11,38,46,46],"current_hp_per_floor":[63,59,58,58,49,49,24,45,45,34,34,34,34,34,34,13,57,57,36,33,33,25,25,25,46,46,46,42,42,42,40,40,40,63,63,63,51,51,42,36,57,57,57,57,57,57,57,57,57,32,31,58,67,67,34,0],"gold":47,"neow_bonus":"HUNDRED_GOLD","is_prod":false,"is_daily":false,"chose_seed":false,"campfire_upgraded":6,"win_rate":0,"timestamp":1548881194,"path_taken":["M","?","M","?","M","R","E","R","T","?","?","E","R","M","R","BOSS","M","?","M","?","?","E","M","R","T","R","M","M","R","E","R","BOSS","M","M","M","$","M","E","R","M","T","E","?","$","?","M","R","BOSS","BOSS","R","$","E","BOSS"],"build_version":"2019-01-23","purchased_purges":3,"victory":false,"max_hp_per_floor":[71,71,71,71,71,71,71,71,71,71,71,71,71,71,71,71,71,71,71,71,71,71,71,71,71,71,71,71,71,71,71,71,71,71,71,71,71,71,71,71,71,71,71,71,67,67,67,67,67,67,67,67,67,67,67,67],"card_choices":[{"not_picked":["Leap","Rebound"],"picked":"Loop","floor":1},{"not_picked":["Coolheaded","Rebound"],"picked":"Doom and Gloom","floor":2},{"not_picked":["Steam","Leap"],"picked":"BootSequence","floor":3},{"not_picked":["Darkness","Leap"],"picked":"Glacier","floor":5},{"not_picked":["Gash","Rebound"],"picked":"Compile Driver","floor":7},{"not_picked":["Electrodynamics","Stack"],"picked":"Genetic Algorithm","floor":12},{"not_picked":["Barrage+1","Darkness"],"picked":"Coolheaded","floor":14},{"not_picked":["All For One+1","Rainbow"],"picked":"Hyperbeam+1","floor":16},{"not_picked":["Storm","Barrage+1"],"picked":"Hologram","floor":18},{"not_picked":["Chill","Sweeping Beam+1"],"picked":"Conserve Battery","floor":20},{"not_picked":["Darkness","Static Discharge"],"picked":"Capacitor","floor":22},{"not_picked":["Barrage+1","Gash+1","FTL+1"],"picked":"SKIP","floor":23},{"not_picked":["Conserve Battery+1","Barrage+1"],"picked":"Glacier","floor":24},{"not_picked":["Cold Snap+1","Loop"],"picked":"Doom and Gloom+1","floor":28},{"not_picked":["Stack","Sweeping Beam+1"],"picked":"Doom and Gloom+1","floor":29},{"not_picked":["Conserve Battery","Steam"],"picked":"Loop+1","floor":31},{"not_picked":["Thunder Strike+1","Hyperbeam+1"],"picked":"Meteor Strike+1","floor":33},{"not_picked":["Gash+1","FTL+1","Force Field"],"picked":"SKIP","floor":35},{"not_picked":["Gash+1","Streamline+1"],"picked":"Hologram","floor":36},{"not_picked":["Beam Cell+1","Rip and Tear+1","Steam"],"picked":"SKIP","floor":37},{"not_picked":["Compile Driver+1","Beam Cell+1"],"picked":"Glacier","floor":39},{"not_picked":["Turbo","Rebound+1"],"picked":"Meteor Strike+1","floor":40},{"not_picked":["Loop","Rebound+1","Reprogram"],"picked":"SKIP","floor":42},{"not_picked":["FTL+1","Ball Lightning+1"],"picked":"Undo","floor":44},{"not_picked":["Reprogram","Redo"],"picked":"Compile Driver+1","floor":48},{"not_picked":["All For One+1","Rebound+1"],"picked":"Loop+1","floor":55}],"player_experience":4577691,"relics_obtained":[{"floor":7,"key":"Mercury Hourglass"},{"floor":9,"key":"Molten Egg 2"},{"floor":12,"key":"Blue Candle"},{"floor":19,"key":"Enchiridion"},{"floor":23,"key":"War Paint"},{"floor":26,"key":"Oddly Smooth Stone"},{"floor":31,"key":"Tiny Chest"},{"floor":40,"key":"Matryoshka"},{"floor":43,"key":"Bag of Preparation"},{"floor":44,"key":"Dodecahedron"},{"floor":55,"key":"Bottled Lightning"}],"event_choices":[{"damage_healed":0,"gold_gain":0,"player_choice":"Grow","damage_taken":0,"max_hp_gain":0,"max_hp_loss":0,"event_name":"Living Wall","floor":4,"gold_loss":0,"cards_upgraded":["Zap"]},{"damage_healed":0,"gold_gain":0,"player_choice":"Fled","damage_taken":11,"max_hp_gain":0,"max_hp_loss":0,"event_name":"Scrap Ooze","floor":10,"gold_loss":0},{"damage_healed":0,"gold_gain":0,"player_choice":"Obtained Book","damage_taken":21,"max_hp_gain":0,"max_hp_loss":0,"event_name":"Cursed Tome","floor":19,"gold_loss":0},{"damage_healed":0,"gold_gain":0,"cards_transformed":["Strike_B"],"player_choice":"Transformed","damage_taken":0,"max_hp_gain":0,"max_hp_loss":0,"event_name":"Transmorgrifier","floor":21,"gold_loss":0,"cards_obtained":["Consume"]},{"damage_healed":0,"gold_gain":0,"player_choice":"Max HP","damage_taken":0,"max_hp_gain":0,"max_hp_loss":4,"event_name":"Winding Halls","floor":45,"gold_loss":0},{"damage_healed":0,"gold_gain":0,"player_choice":"Leave","damage_taken":0,"max_hp_gain":0,"max_hp_loss":0,"event_name":"FaceTrader","floor":47,"gold_loss":0}],"is_beta":true,"boss_relics":[{"not_picked":["Calling Bell","Black Star"],"picked":"Snecko Eye"},{"not_picked":["Empty Cage","Sozu"],"picked":"Fusion Hammer"}],"items_purged_floors":[11,38,46],"is_endless":false,"potions_floor_spawned":[1,12,14,16,20,23,29,31,33,35,36,37,42,55],"killed_by":"The Heart","ascension_level":20}