{"gold_per_floor":[217,236,46,46,58,58,92,92,92,92,4,15,31,43,43,116,116,131,31,31,46,2,34,34,34,60,73,73,85,85,116,116,191,191,210,45,146,158,219,219,245,245,245,245,258,269,304,354,354,354,354],"floor_reached":51,"playtime":4225,"items_purged":["Strike_B","Strike_B","Strike_B"],"score":1415,"play_id":"358b57eb-58a3-4ed7-9551-45ad9baaf0bb","local_time":"20190127175111","is_ascension_mode":true,"campfire_choices":[{"data":"Static Discharge","floor":6,"key":"SMITH"},{"data":"Self Repair","floor":8,"key":"SMITH"},{"data":"Defragment","floor":15,"key":"SMITH"},{"data":"Coolheaded","floor":25,"key":"SMITH"},{"data":"Self Repair","floor":28,"key":"SMITH"},{"data":"Fission","floor":30,"key":"SMITH"},{"data":"Doom and Gloom","floor":32,"key":"SMITH"},{"data":"Coolheaded","floor":40,"key":"SMITH"},{"data":"Static Discharge","floor":42,"key":"SMITH"},{"floor":44,"key":"RECALL"},{"data":"Undo","floor":49,"key":"SMITH"}],"neow_cost":"NONE","seed_source_timestamp":371731841988032,"circlet_count":0,"master_deck":["AscendersBane","Strike_B","Defend_B","Defend_B","Defend_B+1","Defend_B","Zap","Dualcast","Conserve Battery+1","Static Discharge+1","Defragment+1","FTL","Self Repair+1","Self Repair+1","Coolheaded+1","Echo Form","Redo+1","Doom and Gloom+1","Fission+1","Rainbow","Static Discharge+1","Undo+1","Coolheaded+1","Compile Driver+1","Hologram+1","Creative AI","Storm"],"relics":["Cracked Core","Symbiotic Virus","Cables","Velvet Choker","Omamori","Potion Belt","SsserpentHead","Anchor","Inserter","FossilizedHelix","Bronze Scales","Juzu Bracelet","Pear"],"potions_floor_usage":[12,18,23,37,41,46,51],"damage_taken":[{"damage":6,"enemies":"Cultist","floor":1,"turns":4},{"damage":2,"enemies":"2 Louse","floor":2,"turns":3},{"damage":3,"enemies":"Small Slimes","floor":5,"turns":4},{"damage":12,"enemies":"Lagavulin","floor":7,"turns":7},{"damage":5,"enemies":"Gremlin Gang","floor":12,"turns":3},{"damage":5,"enemies":"Red Slaver","floor":13,"turns":3},{"damage":23,"enemies":"Exordium Wildlife","floor":14,"turns":4},{"damage":27,"enemies":"The Guardian","floor":16,"turns":12},{"damage":39,"enemies":"2 Thieves","floor":18,"turns":5},{"damage":5,"enemies":"Shell Parasite","floor":21,"turns":4},{"damage":23,"enemies":"Book of Stabbing","floor":23,"turns":4},{"damage":20,"enemies":"Snecko","floor":27,"turns":5},{"damage":14,"enemies":"Cultist and Chosen","floor":29,"turns":4},{"damage":16,"enemies":"Gremlin Leader","floor":31,"turns":5},{"damage":36,"enemies":"Automaton","floor":33,"turns":9},{"damage":12,"enemies":"Orb Walker","floor":35,"turns":3},{"damage":56,"enemies":"2 Orb Walkers","floor":37,"turns":4},{"damage":7,"enemies":"3 Darklings","floor":38,"turns":4},{"damage":0,"enemies":"Spire Growth","floor":39,"turns":11},{"damage":33,"enemies":"Giant Head","floor":41,"turns":9},{"damage":0,"enemies":"4 Shapes","floor":45,"turns":5},{"damage":27,"enemies":"Sphere and 2 Shapes","floor":46,"turns":4},{"damage":30,"enemies":"Nemesis","floor":47,"turns":9},{"damage":63,"enemies":"Time Eater","floor":50,"turns":9},{"damage":53,"enemies":"Awakened One","floor":51,"turns":5}],"seed_played":"1762022519833359280","potions_obtained":[{"floor":2,"key":"SneckoOil"},{"floor":5,"key":"PowerPotion"},{"floor":12,"key":"EssenceOfSteel"},{"floor":13,"key":"LiquidBronze"},{"floor":18,"key":"Weak Potion"},{"floor":23,"key":"Swift Potion"},{"floor":37,"key":"Block Potion"},{"floor":38,"key":"AttackPotion"},{"floor":39,"key":"FairyPotion"},{"floor":45,"key":"SpeedPotion"}],"is_trial":false,"path_per_floor":["M","M","$","?","M","R","E","R","T","?","$","M","M","M","R","B",null,"M","$","?","M","$","E","?","R","T","M","R","M","R","E","R","B",null,"M","$","?","M","M","R","E","R","T","R","M","M","E","T","R","B","B"],"character_chosen":"DEFECT","items_purchased":["Defragment","FTL","Self Repair","Doom and Gloom","Static Discharge"],"campfire_rested":0,"item_purchase_floors":[3,3,11,22,36],"current_hp_per_floor":[58,56,56,35,32,32,20,20,20,25,25,37,49,43,43,33,65,50,50,50,62,62,56,56,56,56,70,70,76,76,76,76,70,75,76,76,40,63,76,76,63,63,63,63,73,76,76,86,86,43,0],"gold":354,"neow_bonus":"HUNDRED_GOLD","is_prod":false,"is_daily":false,"chose_seed":false,"campfire_upgraded":10,"win_rate":0,"timestamp":1548640271,"path_taken":["M","M","$","?","M","R","E","R","T","?","$","M","M","M","R","BOSS","M","$","?","?","?","E","?","R","T","M","R","M","R","E","R","BOSS","M","?","?","M","?","R","E","R","T","R","M","M","E","?","R","BOSS","BOSS"],"build_version":"2019-01-23","purchased_purges":3,"victory":false,"max_hp_per_floor":[71,71,71,71,71,71,71,71,71,76,76,76,76,76,76,76,76,76,76,76,76,76,76,76,76,76,76,76,76,76,76,76,76,76,76,76,76,76,76,76,76,76,76,76,76,76,76,86,86,86,86],"card_choices":[{"not_picked":["Beam Cell","Rebound"],"picked":"Conserve Battery","floor":1},{"not_picked":["Loop","Leap"],"picked":"Static Discharge","floor":2},{"not_picked":["Tempest","Stack","Sunder"],"picked":"SKIP","floor":5},{"not_picked":["Doom and Gloom","Hologram"],"picked":"Self Repair","floor":7},{"not_picked":["Rebound","Ball Lightning"],"picked":"Coolheaded","floor":12},{"not_picked":["Turbo","Gash","Lockon"],"picked":"SKIP","floor":13},{"not_picked":["Gash","Leap","Stack"],"picked":"SKIP","floor":14},{"not_picked":["Buffer","Meteor Strike"],"picked":"Echo Form","floor":16},{"not_picked":["Aggregate","Go for the Eyes","Force Field"],"picked":"SKIP","floor":18},{"not_picked":["Ball Lightning","Lockon"],"picked":"Redo+1","floor":21},{"not_picked":["Redo","Conserve Battery+1","Steam+1"],"picked":"SKIP","floor":23},{"not_picked":["Stack","Cold Snap","Sweeping Beam"],"picked":"SKIP","floor":27},{"not_picked":["Chaos","Go for the Eyes+1"],"picked":"Fission","floor":29},{"not_picked":["Conserve Battery","Streamline","Scrape"],"picked":"SKIP","floor":31},{"not_picked":["All For One","Meteor Strike"],"picked":"Rainbow","floor":33},{"not_picked":["Streamline","Turbo+1","Stack+1"],"picked":"SKIP","floor":35},{"not_picked":["Double Energy","Hologram"],"picked":"Undo","floor":37},{"not_picked":["Gash+1","Stack"],"picked":"Coolheaded","floor":38},{"not_picked":["Go for the Eyes","Hologram"],"picked":"Compile Driver+1","floor":39},{"not_picked":["Turbo","Conserve Battery+1"],"picked":"Hologram+1","floor":41},{"not_picked":["Sunder","Go for the Eyes+1"],"picked":"Creative AI","floor":45},{"not_picked":["Melter","Cold Snap+1"],"picked":"Storm","floor":46},{"not_picked":["FTL","Static Discharge","Beam Cell+1"],"picked":"SKIP","floor":47}],"player_experience":4544579,"relics_obtained":[{"floor":7,"key":"Symbiotic Virus"},{"floor":9,"key":"Cables"},{"floor":23,"key":"Potion Belt"},{"floor":26,"key":"Anchor"},{"floor":37,"key":"FossilizedHelix"},{"floor":41,"key":"Bronze Scales"},{"floor":47,"key":"Juzu Bracelet"},{"floor":48,"key":"Pear"}],"event_choices":[{"damage_healed":0,"gold_gain":0,"player_choice":"Entered Light","damage_taken":21,"max_hp_gain":0,"max_hp_loss":0,"event_name":"Shining Light","floor":4,"gold_loss":0,"cards_upgraded":["Conserve Battery","Defend_B"]},{"damage_healed":0,"gold_gain":0,"player_choice":"Donut","damage_taken":0,"max_hp_gain":5,"max_hp_loss":0,"event_name":"Big Fish","floor":10,"gold_loss":0},{"damage_healed":0,"gold_gain":0,"player_choice":"Gave Potion","damage_taken":0,"relics_obtained":["Omamori"],"max_hp_gain":0,"max_hp_loss":0,"event_name":"WeMeetAgain","floor":20,"gold_loss":0},{"damage_healed":0,"gold_gain":0,"player_choice":"Trade","damage_taken":0,"relics_obtained":["SsserpentHead"],"max_hp_gain":0,"max_hp_loss":0,"event_name":"FaceTrader","floor":24,"gold_loss":0},{"damage_healed":0,"gold_gain":0,"player_choice":"Fight","damage_taken":0,"max_hp_gain":0,"max_hp_loss":0,"event_name":"Mysterious Sphere","floor":37,"gold_loss":0}],"is_beta":true,"boss_relics":[{"not_picked":["Calling Bell","Black Star"],"picked":"Velvet Choker"},{"not_picked":["Nuclear Battery","Coffee Dripper"],"picked":"Inserter"}],"items_purged_floors":[3,19,36],"is_endless":false,"potions_floor_spawned":[2,5,12,13,16,18,23,37,38,39,45],"killed_by":"Awakened One","ascension_level":20}