{"gold_per_floor":[117,37,54,1,20,52,52,87,140,167,167,199,199,209,209,287,287,306,25,25,25,25,54,54,88,88,121,94,114,24,41,41,112,162,175,20,68,80,80,107,107,140,140,155,184,234,244,244,244,244],"floor_reached":50,"playtime":2418,"items_purged":["Strike_R","Strike_R+1","Strike_R+1"],"score":1478,"play_id":"0874f74e-f7aa-4e98-b53d-84fe5820d137","local_time":"20190120144027","is_ascension_mode":true,"campfire_choices":[{"floor":7,"key":"REST"},{"data":"Bash","floor":11,"key":"SMITH"},{"data":"Disarm","floor":15,"key":"SMITH"},{"floor":24,"key":"REST"},{"data":"Inflame","floor":32,"key":"SMITH"},{"data":"Offering","floor":41,"key":"SMITH"},{"floor":49,"key":"RECALL"}],"neow_cost":"NONE","seed_source_timestamp":200598451776720,"circlet_count":0,"master_deck":["AscendersBane","Defend_R+1","Defend_R+1","Defend_R+1","Defend_R+1","Bash+1","Sword Boomerang","Disarm+1","Sword Boomerang","Clothesline","Infernal Blade+1","Immolate","Power Through","Impervious","Evolve","Ghostly","Ghostly","Ghostly","Flame Barrier","Inflame+1","Inflame+1","Burning Pact","Offering+1","Shrug It Off+1","Master of Strategy","Feel No Pain","Disarm","Reaper","True Grit+1"],"relics":["Burning Blood","Bronze Scales","Letter Opener","PreservedInsect","Ancient Tea Set","Matryoshka","Bag of Marbles","Runic Dome","Membership Card","Centennial Puzzle","Meat on the Bone","Vajra","Gremlin Horn","Oddly Smooth Stone","Tiny House","Turnip","Red Skull","Lantern","Bag of Preparation","Question Card","Omamori"],"potions_floor_usage":[8,16,27,33,33,35,37,40,45],"damage_taken":[{"damage":7,"enemies":"Cultist","floor":1,"turns":4},{"damage":0,"enemies":"Jaw Worm","floor":3,"turns":4},{"damage":5,"enemies":"Small Slimes","floor":5,"turns":3},{"damage":45,"enemies":"3 Sentries","floor":6,"turns":8},{"damage":23,"enemies":"Lagavulin","floor":8,"turns":5},{"damage":8,"enemies":"Gremlin Nob","floor":10,"turns":3},{"damage":15,"enemies":"Lagavulin","floor":12,"turns":4},{"damage":12,"enemies":"Blue Slaver","floor":14,"turns":3},{"damage":26,"enemies":"Hexaghost","floor":16,"turns":10},{"damage":0,"enemies":"3 Byrds","floor":18,"turns":3},{"damage":34,"enemies":"Slavers","floor":23,"turns":2},{"damage":0,"enemies":"Book of Stabbing","floor":25,"turns":4},{"damage":0,"enemies":"Gremlin Leader","floor":27,"turns":1},{"damage":0,"enemies":"2 Thieves","floor":28,"turns":4},{"damage":0,"enemies":"3 Cultists","floor":29,"turns":3},{"damage":0,"enemies":"Centurion and Healer","floor":31,"turns":7},{"damage":13,"enemies":"Automaton","floor":33,"turns":8},{"damage":4,"enemies":"3 Darklings","floor":35,"turns":3},{"damage":13,"enemies":"2 Orb Walkers","floor":37,"turns":4},{"damage":2,"enemies":"Orb Walker","floor":38,"turns":4},{"damage":1,"enemies":"Giant Head","floor":40,"turns":6},{"damage":1,"enemies":"Reptomancer","floor":42,"turns":3},{"damage":1,"enemies":"3 Darklings","floor":44,"turns":4},{"damage":1,"enemies":"Giant Head","floor":45,"turns":5},{"damage":19,"enemies":"Transient","floor":47,"turns":6},{"damage":72,"enemies":"Time Eater","floor":50,"turns":8}],"seed_played":"-6203306941751281631","potions_obtained":[{"floor":8,"key":"GamblersBrew"},{"floor":10,"key":"Regen Potion"},{"floor":16,"key":"SteroidPotion"},{"floor":28,"key":"Fire Potion"},{"floor":33,"key":"SkillPotion"},{"floor":34,"key":"Explosive Potion"},{"floor":35,"key":"SneckoOil"},{"floor":37,"key":"AttackPotion"},{"floor":40,"key":"FearPotion"},{"floor":45,"key":"Swift Potion"}],"is_trial":false,"path_per_floor":["M","$","M","$","M","E","R","E","T","E","R","E","?","M","R","B",null,"M","$","?","?","?","E","R","E","T","E","M","M","$","M","R","B",null,"M","$","?","M","?","E","R","E","T","M","E","T","M","?","R","B"],"character_chosen":"IRONCLAD","items_purchased":["Disarm","Poison Potion","Membership Card","Evolve","Burning Pact","Master of Strategy"],"campfire_rested":2,"item_purchase_floors":[2,4,19,19,30,36],"current_hp_per_floor":[67,67,73,73,74,35,57,40,40,38,38,29,29,23,23,18,61,67,67,67,46,40,12,24,30,30,36,40,40,40,40,40,33,43,45,45,38,42,42,45,45,45,45,45,45,45,33,42,42,0],"gold":244,"neow_bonus":"RANDOM_COMMON_RELIC","is_prod":false,"is_daily":false,"chose_seed":false,"campfire_upgraded":4,"win_rate":0,"timestamp":1548024027,"path_taken":["M","$","?","$","M","E","R","E","T","E","R","E","?","M","R","BOSS","M","$","?","?","?","E","R","E","T","E","M","M","$","?","R","BOSS","M","$","?","M","?","E","R","E","T","M","E","?","M","?","R","BOSS"],"build_version":"2019-01-19","purchased_purges":3,"victory":false,"max_hp_per_floor":[75,75,75,75,75,75,75,75,75,75,75,75,75,75,75,75,75,75,75,75,80,40,40,40,40,40,40,40,40,40,40,40,40,45,45,45,45,45,45,45,45,45,45,45,45,45,45,45,45,45],"card_choices":[{"not_picked":["Cleave","Bloodletting"],"picked":"Sword Boomerang","floor":1},{"not_picked":["Havoc","Armaments"],"picked":"Sword Boomerang","floor":3},{"not_picked":["Entrench","True Grit"],"picked":"Clothesline","floor":5},{"not_picked":["Second Wind","Whirlwind"],"picked":"Infernal Blade","floor":6},{"not_picked":["Heavy Blade","Evolve"],"picked":"Immolate","floor":8},{"not_picked":["Perfected Strike","Iron Wave","Flex"],"picked":"SKIP","floor":10},{"not_picked":["Clash","Uppercut"],"picked":"Power Through","floor":12},{"not_picked":["Havoc","Blood for Blood","Rampage"],"picked":"SKIP","floor":14},{"not_picked":["Dark Embrace","Demon Form"],"picked":"Impervious","floor":16},{"not_picked":["Perfected Strike","Hemokinesis","Heavy Blade"],"picked":"SKIP","floor":18},{"not_picked":["Body Slam","Carnage"],"picked":"Flame Barrier","floor":23},{"not_picked":["Havoc","Pommel Strike"],"picked":"Inflame","floor":25},{"not_picked":["Fiend Fire","Body Slam","Heavy Blade"],"picked":"SKIP","floor":27},{"not_picked":["Iron Wave","Clothesline"],"picked":"Inflame+1","floor":28},{"not_picked":["Warcry","Perfected Strike","Sword Boomerang"],"picked":"SKIP","floor":29},{"not_picked":["Clash","Second Wind","Twin Strike"],"picked":"SKIP","floor":31},{"not_picked":["Exhume","Berserk"],"picked":"Offering","floor":33},{"not_picked":["Inflame+1","Clash"],"picked":"Shrug It Off+1","floor":34},{"not_picked":["Clothesline","Heavy Blade","Armaments"],"picked":"SKIP","floor":35},{"not_picked":["Power Through","Wild Strike"],"picked":"Feel No Pain","floor":37},{"not_picked":["Cleave","Combust+1","Clothesline"],"picked":"SKIP","floor":38},{"not_picked":["Flame Barrier","Uppercut","Whirlwind"],"picked":"SKIP","floor":40},{"not_picked":["Whirlwind","Clothesline","Infernal Blade"],"picked":"SKIP","floor":42},{"not_picked":["Cleave+1","Sword Boomerang"],"picked":"Disarm","floor":44},{"not_picked":["Burning Pact","Flex"],"picked":"Reaper","floor":45},{"not_picked":["Havoc+1","Seeing Red+1","Dropkick"],"picked":"True Grit+1","floor":47}],"player_experience":4446854,"relics_obtained":[{"floor":6,"key":"Letter Opener"},{"floor":8,"key":"PreservedInsect"},{"floor":9,"key":"Ancient Tea Set"},{"floor":10,"key":"Matryoshka"},{"floor":12,"key":"Bag of Marbles"},{"floor":23,"key":"Centennial Puzzle"},{"floor":25,"key":"Meat on the Bone"},{"floor":26,"key":"Vajra"},{"floor":26,"key":"Gremlin Horn"},{"floor":27,"key":"Oddly Smooth Stone"},{"floor":37,"key":"Turnip"},{"floor":40,"key":"Red Skull"},{"floor":42,"key":"Lantern"},{"floor":43,"key":"Bag of Preparation"},{"floor":45,"key":"Question Card"},{"floor":46,"key":"Omamori"}],"event_choices":[{"cards_removed":["Strike_R"],"damage_healed":0,"gold_gain":0,"player_choice":"Forget","damage_taken":0,"max_hp_gain":0,"max_hp_loss":0,"event_name":"Living Wall","floor":13,"gold_loss":0},{"damage_healed":0,"gold_gain":0,"player_choice":"Simplicity","damage_taken":0,"max_hp_gain":0,"max_hp_loss":0,"event_name":"Back to Basics","floor":20,"gold_loss":0,"cards_upgraded":["Strike_R","Strike_R","Strike_R","Defend_R","Defend_R","Defend_R","Defend_R"]},{"damage_healed":0,"gold_gain":0,"player_choice":"Shed Blood","damage_taken":26,"max_hp_gain":5,"max_hp_loss":0,"event_name":"Forgotten Altar","floor":21,"gold_loss":0},{"damage_healed":0,"gold_gain":0,"player_choice":"Became a Ghost","damage_taken":0,"max_hp_gain":0,"max_hp_loss":40,"event_name":"Ghosts","floor":22,"gold_loss":0,"cards_obtained":["Ghostly","Ghostly","Ghostly"]},{"damage_healed":0,"gold_gain":0,"player_choice":"Fight","damage_taken":0,"max_hp_gain":0,"max_hp_loss":0,"event_name":"Mysterious Sphere","floor":37,"gold_loss":0},{"cards_removed":["Strike_R"],"damage_healed":0,"gold_gain":0,"player_choice":"Removed Attack","damage_taken":0,"max_hp_gain":0,"max_hp_loss":0,"event_name":"Falling","floor":39,"gold_loss":0},{"damage_healed":9,"gold_gain":0,"player_choice":"Writhe","damage_taken":0,"max_hp_gain":0,"max_hp_loss":0,"event_name":"Winding Halls","floor":48,"gold_loss":0,"cards_obtained":["Writhe"]}],"is_beta":true,"boss_relics":[{"not_picked":["Busted Crown","Eternal Feather"],"picked":"Runic Dome"},{"not_picked":["Velvet Choker","Mark of Pain"],"picked":"Tiny House"}],"items_purged_floors":[19,30,36],"is_endless":false,"potions_floor_spawned":[8,10,12,16,18,25,28,33,35,37,38,40,45],"killed_by":"Time Eater","ascension_level":20}