{"gold_per_floor":[218,238,238,238,7,7,35,57,57,57,82,82,413,427,427,503,503,521,521,202,202,202,231,231,265,265,281,360,379,379,404,404,404],"floor_reached":33,"playtime":1726,"items_purged":["Strike_R","Strike_R"],"score":634,"play_id":"0943b170-760a-40ff-87ad-3e9a58f8c6fd","local_time":"20190120114246","is_ascension_mode":true,"campfire_choices":[{"data":"Immolate","floor":6,"key":"SMITH"},{"data":"Pommel Strike","floor":12,"key":"SMITH"},{"floor":15,"key":"REST"},{"data":"Inflame","floor":24,"key":"SMITH"},{"data":"Clothesline","floor":30,"key":"SMITH"},{"floor":32,"key":"REST"}],"neow_cost":"NONE","seed_source_timestamp":190627888385465,"circlet_count":0,"master_deck":["AscendersBane","Strike_R+1","Strike_R+1","Defend_R+1","Defend_R+1","Defend_R+1","Defend_R+1","Bash+1","Pommel Strike+1","Headbutt","Immolate+1","Thunderclap","True Grit","Armaments","Metallicize","Clothesline+1","Fiend Fire+1","Inflame+1","Anger+1","Shrug It Off+1"],"relics":["Burning Blood","Peace Pipe","Odd Mushroom","Orichalcum","Pear","Old Coin","Black Star","Centennial Puzzle","Bird Faced Urn","Gambling Chip","Kunai","Bottled Tornado","Matryoshka","Molten Egg 2","Toxic Egg 2","Omamori","Nunchaku"],"potions_floor_usage":[11,16,16,23,25,31],"damage_taken":[{"damage":12,"enemies":"Jaw Worm","floor":1,"turns":3},{"damage":5,"enemies":"Small Slimes","floor":2,"turns":4},{"damage":17,"enemies":"3 Sentries","floor":7,"turns":5},{"damage":0,"enemies":"The Mushroom Lair","floor":8,"turns":2},{"damage":28,"enemies":"Lagavulin","floor":11,"turns":5},{"damage":18,"enemies":"Gremlin Nob","floor":13,"turns":4},{"damage":0,"enemies":"Cultist","floor":14,"turns":3},{"damage":24,"enemies":"Hexaghost","floor":16,"turns":9},{"damage":8,"enemies":"Chosen","floor":18,"turns":4},{"damage":13,"enemies":"Slavers","floor":23,"turns":3},{"damage":1,"enemies":"Gremlin Leader","floor":25,"turns":3},{"damage":3,"enemies":"Spheric Guardian","floor":27,"turns":3},{"damage":18,"enemies":"Snake Plant","floor":29,"turns":3},{"damage":16,"enemies":"Slavers","floor":31,"turns":4},{"damage":102,"enemies":"Collector","floor":33,"turns":8}],"seed_played":"1597603579856200448","potions_obtained":[{"floor":1,"key":"LiquidBronze"},{"floor":2,"key":"Poison Potion"},{"floor":11,"key":"EssenceOfSteel"},{"floor":16,"key":"FearPotion"},{"floor":23,"key":"Explosive Potion"},{"floor":25,"key":"SmokeBomb"}],"is_trial":false,"path_per_floor":["M","M","?","?","$","R","E","?","T","?","E","R","E","M","R","B",null,"M","?","$","?","?","E","R","E","T","M","T","M","R","E","R","B"],"character_chosen":"IRONCLAD","items_purchased":["Immolate","Centennial Puzzle","AttackPotion"],"campfire_rested":2,"item_purchase_floors":[5,20,20],"current_hp_per_floor":[62,63,56,56,56,56,45,51,51,33,21,21,9,15,40,22,69,67,67,67,67,67,60,60,69,69,74,74,66,66,60,85,0],"gold":404,"neow_bonus":"HUNDRED_GOLD","is_prod":false,"is_daily":false,"chose_seed":false,"campfire_upgraded":4,"win_rate":0,"timestamp":1548013366,"path_taken":["M","M","?","?","$","R","E","?","T","?","E","R","E","M","R","BOSS","M","?","?","?","?","E","R","E","T","M","?","M","R","E","R","BOSS"],"build_version":"2019-01-19","purchased_purges":2,"victory":false,"max_hp_per_floor":[75,75,75,75,75,75,75,75,75,75,85,85,85,85,85,85,85,85,85,85,85,85,85,85,85,85,85,85,85,85,85,85,85],"card_choices":[{"not_picked":["Whirlwind","Cleave"],"picked":"Pommel Strike","floor":1},{"not_picked":["Warcry","Rupture"],"picked":"Headbutt","floor":2},{"not_picked":["Wild Strike","Intimidate"],"picked":"Thunderclap","floor":7},{"not_picked":["Reckless Charge","Thunderclap"],"picked":"True Grit","floor":8},{"not_picked":["Brutality","Twin Strike"],"picked":"Armaments","floor":11},{"not_picked":["Blood for Blood","Sword Boomerang"],"picked":"Metallicize","floor":13},{"not_picked":["Headbutt","Armaments"],"picked":"Clothesline","floor":14},{"not_picked":["Immolate","Exhume"],"picked":"Fiend Fire","floor":16},{"not_picked":["Carnage","Pommel Strike","Armaments"],"picked":"SKIP","floor":18},{"not_picked":["Flex+1","Wild Strike"],"picked":"Inflame","floor":23},{"not_picked":["Rage+1","Pommel Strike","True Grit"],"picked":"SKIP","floor":25},{"not_picked":["Blood for Blood","Sever Soul+1","Havoc"],"picked":"SKIP","floor":27},{"not_picked":["Havoc+1","Blood for Blood+1"],"picked":"Anger+1","floor":29},{"not_picked":["Iron Wave+1","Second Wind+1"],"picked":"Shrug It Off+1","floor":31}],"player_experience":4436978,"relics_obtained":[{"floor":7,"key":"Peace Pipe"},{"floor":8,"key":"Odd Mushroom"},{"floor":9,"key":"Orichalcum"},{"floor":11,"key":"Pear"},{"floor":13,"key":"Old Coin"},{"floor":23,"key":"Bird Faced Urn"},{"floor":23,"key":"Gambling Chip"},{"floor":25,"key":"Kunai"},{"floor":25,"key":"Bottled Tornado"},{"floor":26,"key":"Matryoshka"},{"floor":28,"key":"Molten Egg 2"},{"floor":28,"key":"Toxic Egg 2"},{"floor":31,"key":"Omamori"},{"floor":31,"key":"Nunchaku"}],"event_choices":[{"cards_removed":["Strike_R"],"damage_healed":0,"gold_gain":0,"player_choice":"Card Removal","damage_taken":7,"max_hp_gain":0,"max_hp_loss":0,"event_name":"Golden Wing","floor":3,"gold_loss":0},{"damage_healed":0,"gold_gain":0,"player_choice":"Grow","damage_taken":0,"max_hp_gain":0,"max_hp_loss":0,"event_name":"Living Wall","floor":4,"gold_loss":0,"cards_upgraded":["Bash"]},{"damage_healed":0,"gold_gain":0,"player_choice":"Fought Mushrooms","damage_taken":0,"max_hp_gain":0,"max_hp_loss":0,"event_name":"Mushrooms","floor":8,"gold_loss":0},{"damage_healed":0,"gold_gain":0,"player_choice":"Fled","damage_taken":18,"max_hp_gain":0,"max_hp_loss":0,"event_name":"Scrap Ooze","floor":10,"gold_loss":0},{"damage_healed":0,"gold_gain":0,"player_choice":"Upgraded","damage_taken":0,"max_hp_gain":0,"max_hp_loss":0,"event_name":"Upgrade Shrine","floor":19,"gold_loss":0,"cards_upgraded":["Fiend Fire"]},{"damage_healed":0,"gold_gain":0,"player_choice":"Ignored","damage_taken":0,"max_hp_gain":0,"max_hp_loss":0,"event_name":"Vampires","floor":21,"gold_loss":0},{"damage_healed":0,"gold_gain":0,"player_choice":"Simplicity","damage_taken":0,"max_hp_gain":0,"max_hp_loss":0,"event_name":"Back to Basics","floor":22,"gold_loss":0,"cards_upgraded":["Strike_R","Strike_R","Defend_R","Defend_R","Defend_R","Defend_R"]}],"is_beta":true,"boss_relics":[{"not_picked":["Coffee Dripper","Black Blood"],"picked":"Black Star"}],"items_purged_floors":[5,20],"is_endless":false,"potions_floor_spawned":[1,2,11,16,23,25],"killed_by":"Collector","ascension_level":20}