{"gold_per_floor":[117,117,117,133,156,156,192,192,192,233,233,253,253,278,290,398,410,435,447,30,30,45,58,58,15,68,68,87,87,131,131,131,224,224,242,242,242,23,46,46,81,81],"floor_reached":42,"playtime":2431,"items_purged":["Strike_B"],"score":979,"play_id":"6f0ec1e8-b9c5-408b-9894-fb5343f7ebb8","local_time":"20190131183535","is_ascension_mode":true,"campfire_choices":[{"data":"Zap","floor":6,"key":"SMITH"},{"floor":11,"key":"DIG"},{"floor":13,"key":"DIG"},{"floor":15,"key":"DIG"},{"floor":27,"key":"DIG"},{"data":"Darkness","floor":29,"key":"SMITH"},{"floor":32,"key":"DIG"},{"floor":40,"key":"DIG"}],"neow_cost":"NONE","seed_source_timestamp":201968130431219,"circlet_count":0,"master_deck":["AscendersBane","Strike_B+1","Defend_B+1","Defend_B+1","Defend_B+1","Defend_B+1","Zap+1","Dualcast","Chill","FTL","Compile Driver","Darkness+1","Redo","Echo Form","Ghostly","Ghostly+1","Ghostly","Self Repair","Glacier","Ghostly","Reinforced Body","Skim","Undo","Parasite","Blizzard","Echo Form","Conserve Battery","Blizzard","Apotheosis","Consume+1","Capacitor"],"relics":["Cracked Core","NeowsBlessing","Golden Idol","Shovel","Art of War","MawBank","Darkstone Periapt","Cursed Key","ClockworkSouvenir","PreservedInsect","Ginger","Meat on the Bone","Letter Opener","Fusion Hammer","War Paint","Dead Branch"],"potions_floor_usage":[7,10,16,28],"damage_taken":[{"damage":0,"enemies":"Small Slimes","floor":1,"turns":1},{"damage":0,"enemies":"2 Louse","floor":4,"turns":1},{"damage":0,"enemies":"Jaw Worm","floor":5,"turns":1},{"damage":31,"enemies":"Gremlin Nob","floor":7,"turns":4},{"damage":0,"enemies":"3 Sentries","floor":10,"turns":3},{"damage":4,"enemies":"3 Louse","floor":12,"turns":3},{"damage":6,"enemies":"Looter","floor":14,"turns":3},{"damage":29,"enemies":"Hexaghost","floor":16,"turns":8},{"damage":22,"enemies":"Shell Parasite","floor":18,"turns":5},{"damage":15,"enemies":"2 Thieves","floor":22,"turns":4},{"damage":11,"enemies":"Cultist and Chosen","floor":23,"turns":8},{"damage":0,"enemies":"Chosen and Byrds","floor":28,"turns":9},{"damage":20,"enemies":"Slavers","floor":30,"turns":8},{"damage":14,"enemies":"Collector","floor":33,"turns":15},{"damage":7,"enemies":"Orb Walker","floor":35,"turns":6},{"damage":2,"enemies":"3 Darklings","floor":39,"turns":5},{"damage":43,"enemies":"Nemesis","floor":41,"turns":11},{"damage":30,"enemies":"Jaw Worm Horde","floor":42,"turns":1}],"seed_played":"6592916744010827806","potions_obtained":[{"floor":4,"key":"PowerPotion"},{"floor":7,"key":"PowerPotion"},{"floor":14,"key":"GamblersBrew"},{"floor":22,"key":"Explosive Potion"},{"floor":23,"key":"FearPotion"},{"floor":41,"key":"SpeedPotion"}],"is_trial":false,"path_per_floor":["M","?","?","M","M","R","E","?","T","E","R","M","R","M","R","B",null,"M","?","$","?","M","M","?","$","T","R","M","R","E","?","R","B",null,"M","?","?","$","M","R","E","M"],"character_chosen":"DEFECT","items_purchased":["Self Repair","Glacier","ClockworkSouvenir","Reinforced Body","Apotheosis","Consume"],"campfire_rested":0,"item_purchase_floors":[20,20,20,25,38,38],"current_hp_per_floor":[64,64,57,57,57,57,26,47,47,47,47,43,43,37,37,8,50,28,28,28,28,27,23,23,23,29,29,38,38,25,31,31,43,44,44,34,34,34,44,44,27,0],"gold":81,"neow_bonus":"THREE_ENEMY_KILL","is_prod":false,"is_daily":false,"chose_seed":false,"campfire_upgraded":2,"win_rate":0,"timestamp":1548988535,"path_taken":["M","?","?","M","M","R","E","?","T","E","R","?","R","M","R","BOSS","M","?","$","?","?","M","?","?","T","R","?","R","E","?","R","BOSS","M","?","?","$","?","R","E","M"],"build_version":"2019-01-23","purchased_purges":1,"victory":false,"max_hp_per_floor":[71,64,64,64,64,64,64,64,64,64,64,64,64,64,64,64,64,64,32,32,32,32,32,32,32,38,38,38,38,38,44,44,44,44,44,44,44,44,44,44,44,44],"card_choices":[{"not_picked":["Turbo","Go for the Eyes"],"picked":"Chill","floor":1},{"not_picked":["Barrage","Turbo"],"picked":"FTL","floor":4},{"not_picked":["Steam","Auto Shields"],"picked":"Compile Driver","floor":5},{"not_picked":["All For One","Gash"],"picked":"Darkness","floor":7},{"not_picked":["Barrage","Double Energy","Gash"],"picked":"SKIP","floor":10},{"not_picked":["Redo","Beam Cell","Stack"],"picked":"SKIP","floor":12},{"not_picked":["Go for the Eyes","Streamline"],"picked":"Redo","floor":14},{"not_picked":["All For One","Buffer"],"picked":"Echo Form","floor":16},{"not_picked":["Beam Cell","Streamline+1","Force Field+1"],"picked":"SKIP","floor":18},{"not_picked":["Sweeping Beam","Cold Snap","Rebound"],"picked":"SKIP","floor":22},{"not_picked":["Steam+1","Beam Cell","Gash"],"picked":"SKIP","floor":23},{"not_picked":["Heatsinks","Stack"],"picked":"Skim","floor":28},{"not_picked":["Beam Cell+1","Steam Power"],"picked":"Undo","floor":30},{"not_picked":["Meteor Strike","Fission"],"picked":"Echo Form","floor":33},{"not_picked":["Sweeping Beam","Streamline+1"],"picked":"Conserve Battery","floor":35},{"not_picked":["Sweeping Beam","Heatsinks"],"picked":"Capacitor","floor":39},{"not_picked":["Streamline+1","Aggregate","Cold Snap"],"picked":"SKIP","floor":41}],"player_experience":4620897,"relics_obtained":[{"floor":7,"key":"Shovel"},{"floor":10,"key":"Art of War"},{"floor":13,"key":"MawBank"},{"floor":15,"key":"Darkstone Periapt"},{"floor":26,"key":"PreservedInsect"},{"floor":27,"key":"Ginger"},{"floor":30,"key":"Meat on the Bone"},{"floor":32,"key":"Letter Opener"},{"floor":40,"key":"War Paint"},{"floor":41,"key":"Dead Branch"}],"event_choices":[{"damage_healed":0,"gold_gain":0,"player_choice":"Lose Max HP","damage_taken":0,"relics_obtained":["Golden Idol"],"max_hp_gain":0,"max_hp_loss":7,"event_name":"Golden Idol","floor":2,"gold_loss":0},{"cards_removed":["Strike_B"],"damage_healed":0,"gold_gain":0,"player_choice":"Card Removal","damage_taken":7,"max_hp_gain":0,"max_hp_loss":0,"event_name":"Golden Wing","floor":3,"gold_loss":0},{"damage_healed":21,"gold_gain":0,"player_choice":"Banana","damage_taken":0,"max_hp_gain":0,"max_hp_loss":0,"event_name":"Big Fish","floor":8,"gold_loss":0},{"damage_healed":0,"gold_gain":0,"player_choice":"Became a Ghost","damage_taken":0,"max_hp_gain":0,"max_hp_loss":32,"event_name":"Ghosts","floor":19,"gold_loss":0,"cards_obtained":["Ghostly","Ghostly","Ghostly"]},{"damage_healed":0,"gold_gain":0,"player_choice":"Copied","damage_taken":0,"max_hp_gain":0,"max_hp_loss":0,"event_name":"Duplicator","floor":21,"gold_loss":0,"cards_obtained":["Ghostly"]},{"damage_healed":0,"gold_gain":0,"player_choice":"Simplicity","damage_taken":0,"max_hp_gain":0,"max_hp_loss":0,"event_name":"Back to Basics","floor":24,"gold_loss":0,"cards_upgraded":["Strike_B","Strike_B","Defend_B","Defend_B","Defend_B","Defend_B"]},{"damage_healed":0,"gold_gain":0,"cards_transformed":["Normality","Strike_B"],"player_choice":"Became Test Subject","damage_taken":0,"max_hp_gain":0,"max_hp_loss":0,"event_name":"Drug Dealer","floor":31,"gold_loss":0,"cards_obtained":["Parasite","Blizzard"]},{"damage_healed":0,"gold_gain":0,"player_choice":"Memory 3","damage_taken":10,"max_hp_gain":0,"max_hp_loss":0,"event_name":"SensoryStone","floor":36,"gold_loss":0},{"damage_healed":0,"gold_gain":0,"player_choice":"1 cards matched","damage_taken":0,"max_hp_gain":0,"max_hp_loss":0,"event_name":"Match and Keep!","floor":37,"gold_loss":0,"cards_obtained":["Blizzard"]}],"is_beta":true,"boss_relics":[{"not_picked":["Runic Pyramid","Runic Dome"],"picked":"Cursed Key"},{"not_picked":["Calling Bell","Sozu"],"picked":"Fusion Hammer"}],"items_purged_floors":[20],"is_endless":false,"potions_floor_spawned":[4,7,14,22,23,41],"killed_by":"Jaw Worm Horde","ascension_level":20}