{"gold_per_floor":[113,113,123,135,154,154,168,203,226,256,256,256,291,291,291,362,362,373,408,408,420,420],"floor_reached":22,"playtime":1252,"items_purged":[],"score":408,"play_id":"7ae6a49e-08be-4ad6-852e-5c7a64c50dbb","local_time":"20190130155038","is_ascension_mode":true,"campfire_choices":[{"data":"Bash","floor":6,"key":"SMITH"},{"floor":12,"key":"REST"},{"data":"Uppercut","floor":15,"key":"SMITH"}],"neow_cost":"NONE","seed_source_timestamp":106849763221582,"circlet_count":0,"master_deck":["AscendersBane","Strike_R","Strike_R","Strike_R","Defend_R","Defend_R","Defend_R","Defend_R","Bash+1","Twin Strike","Flame Barrier","Ghostly Armor","Clothesline","Hemokinesis","Rage","Evolve","Infernal Blade","Offering","Metallicize","Uppercut+1","Dark Embrace","Shockwave","Disarm"],"relics":["Burning Blood","Mango","Dream Catcher","Pen Nib","Art of War","Kunai","Sozu","Red Mask"],"potions_floor_usage":[8,10,16],"damage_taken":[{"damage":9,"enemies":"Jaw Worm","floor":1,"turns":4},{"damage":1,"enemies":"Cultist","floor":3,"turns":3},{"damage":5,"enemies":"2 Louse","floor":4,"turns":3},{"damage":14,"enemies":"Exordium Wildlife","floor":5,"turns":5},{"damage":0,"enemies":"Looter","floor":7,"turns":5},{"damage":17,"enemies":"3 Sentries","floor":8,"turns":8},{"damage":29,"enemies":"Gremlin Nob","floor":10,"turns":4},{"damage":27,"enemies":"Lagavulin","floor":13,"turns":8},{"damage":16,"enemies":"Hexaghost","floor":16,"turns":9},{"damage":23,"enemies":"Spheric Guardian","floor":18,"turns":4},{"damage":37,"enemies":"Masked Bandits","floor":19,"turns":6},{"damage":14,"enemies":"Shell Parasite","floor":21,"turns":8},{"damage":22,"enemies":"Snake Plant","floor":22,"turns":3}],"seed_played":"9125579385462064516","potions_obtained":[{"floor":1,"key":"Poison Potion"},{"floor":5,"key":"SkillPotion"},{"floor":7,"key":"SteroidPotion"},{"floor":13,"key":"PowerPotion"}],"is_trial":false,"path_per_floor":["M","?","M","M","M","R","M","E","T","E","?","R","E","T","R","B",null,"M","?","?","M","M"],"character_chosen":"IRONCLAD","items_purchased":[],"campfire_rested":1,"item_purchase_floors":[],"current_hp_per_floor":[65,65,70,71,63,63,69,72,72,49,42,68,47,47,47,37,76,59,28,28,20,0],"gold":420,"neow_bonus":"THREE_CARDS","is_prod":false,"is_daily":false,"chose_seed":false,"campfire_upgraded":2,"win_rate":0,"timestamp":1548892238,"path_taken":["M","?","M","M","M","R","?","E","T","E","?","R","E","?","R","BOSS","M","?","?","M","M"],"build_version":"2019-01-23","purchased_purges":0,"victory":false,"max_hp_per_floor":[75,75,75,75,75,75,75,89,89,89,89,89,89,89,89,89,89,89,89,89,89,89],"card_choices":[{"not_picked":["Perfected Strike","Clash"],"picked":"Twin Strike","floor":0},{"not_picked":["True Grit","Shrug It Off"],"picked":"Flame Barrier","floor":1},{"not_picked":["Whirlwind","Headbutt"],"picked":"Clothesline","floor":3},{"not_picked":["Wild Strike","Havoc"],"picked":"Hemokinesis","floor":4},{"not_picked":["Power Through","Pummel"],"picked":"Rage","floor":5},{"not_picked":["Headbutt","Warcry"],"picked":"Evolve","floor":7},{"not_picked":["Iron Wave","Whirlwind"],"picked":"Infernal Blade","floor":8},{"not_picked":["Flex","True Grit"],"picked":"Offering","floor":10},{"not_picked":["Dropkick","Rage"],"picked":"Metallicize","floor":12},{"not_picked":["Pommel Strike","Whirlwind"],"picked":"Uppercut","floor":13},{"not_picked":["Limit Break","Exhume"],"picked":"Dark Embrace","floor":16},{"not_picked":["Flex","Anger+1"],"picked":"Shockwave","floor":18},{"not_picked":["Iron Wave","Body Slam+1"],"picked":"Disarm","floor":19},{"not_picked":["True Grit","Hemokinesis","Sword Boomerang"],"picked":"SKIP","floor":21}],"player_experience":4592535,"relics_obtained":[{"floor":8,"key":"Mango"},{"floor":9,"key":"Dream Catcher"},{"floor":10,"key":"Pen Nib"},{"floor":13,"key":"Art of War"},{"floor":14,"key":"Kunai"},{"floor":19,"key":"Red Mask"}],"event_choices":[{"damage_healed":0,"gold_gain":0,"cards_transformed":["Strike_R"],"player_choice":"Transformed","damage_taken":0,"max_hp_gain":0,"max_hp_loss":0,"event_name":"Transmorgrifier","floor":2,"gold_loss":0,"cards_obtained":["Ghostly Armor"]},{"cards_removed":["Strike_R"],"damage_healed":0,"gold_gain":0,"player_choice":"Card Removal","damage_taken":7,"max_hp_gain":0,"max_hp_loss":0,"event_name":"Golden Wing","floor":11,"gold_loss":0},{"damage_healed":0,"gold_gain":0,"player_choice":"Fought Bandits","damage_taken":0,"max_hp_gain":0,"max_hp_loss":0,"event_name":"Masked Bandits","floor":19,"gold_loss":0},{"damage_healed":0,"gold_gain":0,"player_choice":"Ignored","damage_taken":0,"max_hp_gain":0,"max_hp_loss":0,"event_name":"The Mausoleum","floor":20,"gold_loss":0}],"is_beta":true,"boss_relics":[{"not_picked":["Lizard Tail","Velvet Choker"],"picked":"Sozu"}],"items_purged_floors":[],"is_endless":false,"potions_floor_spawned":[1,5,7,13,21],"killed_by":"Snake Plant","ascension_level":20}