{"gold_per_floor":[210,210,22,22,42,42,82,6,77,108,33,53,53,87,99,205,217,248,285,297,309,341,353,365],"floor_reached":24,"playtime":1370,"items_purged":["Strike_G"],"score":449,"play_id":"ca4f90b1-9425-40fe-9c5c-f0811812c16b","local_time":"20190123134634","is_ascension_mode":true,"campfire_choices":[{"data":"Neutralize","floor":6,"key":"SMITH"},{"floor":13,"key":"REST"},{"data":"Noxious Fumes","floor":15,"key":"SMITH"},{"data":"Malaise","floor":23,"key":"SMITH"}],"neow_cost":"NONE","seed_source_timestamp":14305673358127,"circlet_count":0,"master_deck":["AscendersBane","Defend_G","Defend_G","Defend_G","Defend_G","Defend_G","Survivor+1","Neutralize+1","Poisoned Stab","Deadly Poison","Noxious Fumes+1","Blur","Tools of the Trade","Malaise+1","Dagger Throw+1","Bite","Bite","Bite","Bite"],"relics":["Ring of the Snake","Centennial Puzzle","Golden Idol","Oddly Smooth Stone","Question Card","Anchor","MawBank","Busted Crown"],"potions_floor_usage":[7,10,24,24],"damage_taken":[{"damage":6,"enemies":"2 Louse","floor":1,"turns":3},{"damage":0,"enemies":"Small Slimes","floor":5,"turns":4},{"damage":15,"enemies":"Lagavulin","floor":7,"turns":6},{"damage":17,"enemies":"Gremlin Nob","floor":10,"turns":4},{"damage":0,"enemies":"Jaw Worm","floor":12,"turns":4},{"damage":6,"enemies":"Lagavulin","floor":14,"turns":6},{"damage":14,"enemies":"Hexaghost","floor":16,"turns":10},{"damage":9,"enemies":"Chosen","floor":18,"turns":6},{"damage":4,"enemies":"Spheric Guardian","floor":19,"turns":6},{"damage":13,"enemies":"3 Cultists","floor":22,"turns":6},{"damage":55,"enemies":"Slavers","floor":24,"turns":4}],"seed_played":"-1279844833026730962","potions_obtained":[{"floor":1,"key":"Regen Potion"},{"floor":5,"key":"PowerPotion"},{"floor":19,"key":"GamblersBrew"},{"floor":22,"key":"LiquidBronze"}],"is_trial":false,"path_per_floor":["?","?","$","?","?","M"],"character_chosen":"THE_SILENT","items_purchased":["Centennial Puzzle","Poisoned Stab","Noxious Fumes"],"campfire_rested":1,"item_purchase_floors":[3,3,8],"current_hp_per_floor":[53,33,33,33,33,33,33,33,33,16,16,16,34,28,28,14,49,40,36,36,36,35,35,0],"gold":365,"neow_bonus":"HUNDRED_GOLD","is_prod":false,"is_daily":false,"chose_seed":false,"campfire_upgraded":3,"win_rate":0,"timestamp":1548279994,"path_taken":["M","?","$","?","M","R","E","$","T","E","?","M","R","E","R","BOSS","M","M","?","?","?","R","E"],"build_version":"2019-01-22","purchased_purges":1,"victory":false,"max_hp_per_floor":[66,66,66,60,60,60,60,60,60,60,60,60,60,60,60,60,60,60,60,42,42,42,42,42],"card_choices":[{"not_picked":["Accuracy","Dodge and Roll","Riddle With Holes"],"picked":"SKIP","floor":1},{"not_picked":["Concentrate","Flying Knee"],"picked":"Deadly Poison","floor":5},{"not_picked":["Night Terror","Setup","Distraction"],"picked":"SKIP","floor":7},{"not_picked":["Caltrops","Dagger Spray","Prepared"],"picked":"Blur","floor":10},{"not_picked":["Quick Slash","Deadly Poison","Underhanded Strike"],"picked":"Tools of the Trade","floor":12},{"not_picked":["Skewer","Dagger Spray","Distraction","All Out Attack"],"picked":"SKIP","floor":14},{"not_picked":["Envenom","After Image","Venomology"],"picked":"Malaise","floor":16},{"not_picked":["Acrobatics"],"picked":"Dagger Throw+1","floor":18},{"not_picked":["All Out Attack","Riddle With Holes"],"picked":"SKIP","floor":19},{"not_picked":["Sucker Punch","Underhanded Strike"],"picked":"SKIP","floor":22}],"player_experience":4474185,"relics_obtained":[{"floor":7,"key":"Oddly Smooth Stone"},{"floor":9,"key":"Question Card"},{"floor":10,"key":"Anchor"},{"floor":14,"key":"MawBank"}],"event_choices":[{"damage_healed":0,"gold_gain":0,"player_choice":"Entered Light","damage_taken":20,"max_hp_gain":0,"max_hp_loss":0,"event_name":"Shining Light","floor":2,"gold_loss":0,"cards_upgraded":["Survivor","Strike_G"]},{"damage_healed":0,"gold_gain":0,"player_choice":"Lose Max HP","damage_taken":0,"relics_obtained":["Golden Idol"],"max_hp_gain":0,"max_hp_loss":6,"event_name":"Golden Idol","floor":4,"gold_loss":0},{"damage_healed":0,"gold_gain":0,"player_choice":"Became a vampire","damage_taken":0,"max_hp_gain":0,"max_hp_loss":18,"event_name":"Vampires","floor":20,"gold_loss":0,"cards_obtained":["Bite","Bite","Bite","Bite","Bite"]},{"cards_removed":["Bite"],"damage_healed":0,"gold_gain":0,"player_choice":"Purged","damage_taken":0,"max_hp_gain":0,"max_hp_loss":0,"event_name":"Purifier","floor":21,"gold_loss":0}],"is_beta":true,"boss_relics":[{"not_picked":["Runic Dome","WristBlade"],"picked":"Busted Crown"}],"items_purged_floors":[11],"is_endless":false,"potions_floor_spawned":[1,5,19,22],"killed_by":"Slavers","ascension_level":20}