{"gold_per_floor":[112,112,128,128,53,79,79,105,105,134,134,134,144,170,170,248,248,261,261,261,261,72,72,22,22,48,81,81,6,21,54,54,129,129,145,164,52,52,62,89,112,124,136,183,195,238,250,307,319,331,343,355,367,3,31,31],"floor_reached":56,"playtime":5406,"items_purged":["Strike_G","Strike_G"],"score":2041,"play_id":"2a398106-8660-4426-8227-cac3377fd7fc","local_time":"20190209122335","is_ascension_mode":true,"campfire_choices":[{"data":"Skewer","floor":7,"key":"SMITH"},{"data":"Caltrops","floor":15,"key":"SMITH"},{"floor":23,"key":"REST"},{"floor":25,"key":"REST"},{"floor":28,"key":"REST"},{"floor":32,"key":"RECALL"},{"floor":45,"key":"REST"},{"floor":47,"key":"REST"},{"floor":49,"key":"REST"},{"floor":53,"key":"REST"}],"neow_cost":"NONE","seed_source_timestamp":44564959370379,"circlet_count":0,"master_deck":["AscendersBane","Defend_G","Defend_G","Defend_G","Defend_G","Defend_G","Survivor","Neutralize+1","Well Laid Plans","Skewer+1","Escape Plan","Caltrops+1","Predator","PiercingWail","RitualDagger","Noxious Fumes","PiercingWail","Backflip","Noxious Fumes","Wraith Form v2","PiercingWail","Catalyst","Crippling Poison+1","Dodge and Roll","Poisoned Stab","Bouncing Flask+1","Wraith Form v2"],"relics":["Ring of the Snake","NeowsBlessing","Potion Belt","Bronze Scales","Smiling Mask","Oddly Smooth Stone","Bottled Lightning","Centennial Puzzle","Fusion Hammer","Enchiridion","Bag of Preparation","Whetstone","Nunchaku","Lizard Tail","MawBank","Regal Pillow","Art of War","StoneCalendar","Snake Skull","DollysMirror","Vajra"],"potions_floor_usage":[10,16,16,16,33,33,40,40,44,46,46,46,48,50,50,51,51],"damage_taken":[{"damage":0,"enemies":"Cultist","floor":1,"turns":1},{"damage":0,"enemies":"2 Louse","floor":3,"turns":2},{"damage":0,"enemies":"3 Sentries","floor":6,"turns":1},{"damage":25,"enemies":"Lagavulin","floor":8,"turns":8},{"damage":10,"enemies":"3 Sentries","floor":10,"turns":11},{"damage":0,"enemies":"Small Slimes","floor":13,"turns":4},{"damage":20,"enemies":"Hexaghost","floor":16,"turns":9},{"damage":10,"enemies":"Shell Parasite","floor":18,"turns":4},{"damage":2,"enemies":"Gremlin Leader","floor":27,"turns":7},{"damage":1,"enemies":"2 Thieves","floor":30,"turns":3},{"damage":0,"enemies":"Book of Stabbing","floor":31,"turns":5},{"damage":51,"enemies":"Champ","floor":33,"turns":14},{"damage":0,"enemies":"Orb Walker","floor":35,"turns":5},{"damage":5,"enemies":"3 Darklings","floor":36,"turns":6},{"damage":0,"enemies":"4 Shapes","floor":39,"turns":6},{"damage":29,"enemies":"Giant Head","floor":40,"turns":8},{"damage":3,"enemies":"Maw","floor":41,"turns":9},{"damage":6,"enemies":"Nemesis","floor":44,"turns":9},{"damage":31,"enemies":"Giant Head","floor":46,"turns":8},{"damage":13,"enemies":"2 Orb Walkers","floor":48,"turns":5},{"damage":28,"enemies":"Awakened One","floor":50,"turns":19},{"damage":41,"enemies":"Time Eater","floor":51,"turns":8},{"damage":33,"enemies":"Shield and Spear","floor":55,"turns":8},{"damage":49,"enemies":"The Heart","floor":56,"turns":2}],"seed_played":"4447766544193247911","potions_obtained":[{"floor":1,"key":"SteroidPotion"},{"floor":6,"key":"Energy Potion"},{"floor":10,"key":"EntropicBrew"},{"floor":30,"key":"Strength Potion"},{"floor":33,"key":"Poison Potion"},{"floor":36,"key":"Block Potion"},{"floor":40,"key":"Fire Potion"},{"floor":44,"key":"GamblersBrew"},{"floor":46,"key":"EssenceOfSteel"},{"floor":48,"key":"Swift Potion"}],"is_trial":false,"path_per_floor":["M","T","M","?","?","E","R","E","T","E","?","?","M","T","R","B",null,"M","?","?","?","$","R","$","R","T","E","R","?","M","E","R","B",null,"M","M","$","?","M","E","M","?","T","E","R","E","R","?","R","B","B",null,"R","$","E","B"],"character_chosen":"THE_SILENT","items_purchased":["GhostInAJar","PiercingWail","EntropicBrew","Snake Skull","DollysMirror"],"campfire_rested":7,"item_purchase_floors":[22,22,37,54,54],"current_hp_per_floor":[59,59,59,59,59,59,59,34,34,24,24,24,24,24,24,4,51,41,35,35,14,14,33,33,52,52,50,66,66,65,65,65,14,53,53,48,48,48,48,19,16,16,16,10,43,12,45,32,63,35,26,54,63,63,30,0],"gold":31,"neow_bonus":"THREE_ENEMY_KILL","is_prod":false,"is_daily":false,"chose_seed":false,"campfire_upgraded":2,"win_rate":0,"timestamp":1549743815,"path_taken":["M","?","?","?","?","E","R","E","T","E","?","?","?","?","R","BOSS","M","?","?","?","$","R","$","R","T","E","R","?","M","E","R","BOSS","M","M","$","?","?","E","M","?","T","E","R","E","R","?","R","BOSS","BOSS","R","$","E","BOSS"],"build_version":"2019-02-06","purchased_purges":2,"victory":false,"max_hp_per_floor":[66,66,66,66,66,66,66,66,66,66,66,66,66,66,66,66,66,66,66,66,66,66,66,66,66,66,66,66,66,66,66,66,66,66,66,66,66,66,66,66,66,63,63,63,63,63,63,63,63,63,63,63,63,63,63,63],"card_choices":[{"not_picked":["Slice","Leg Sweep"],"picked":"Well Laid Plans","floor":1},{"not_picked":["Underhanded Strike","Flechettes"],"picked":"Skewer","floor":3},{"not_picked":["Slice","Quick Slash"],"picked":"Escape Plan","floor":6},{"not_picked":["Deadly Poison","Underhanded Strike"],"picked":"Caltrops","floor":8},{"not_picked":["Backstab","Riddle With Holes"],"picked":"Predator","floor":10},{"not_picked":["Distraction","Deadly Poison"],"picked":"PiercingWail","floor":13},{"not_picked":["Flying Knee","Dagger Spray","Dagger Throw"],"picked":"SKIP","floor":18},{"not_picked":["Deadly Poison","Dodge and Roll"],"picked":"Backflip","floor":27},{"not_picked":["Slice","Underhanded Strike"],"picked":"Noxious Fumes","floor":30},{"not_picked":["Outmaneuver","Sucker Punch+1","Slice"],"picked":"SKIP","floor":31},{"not_picked":["Burst","Doppelganger"],"picked":"Wraith Form v2","floor":33},{"not_picked":["Reflex+1","Dagger Throw"],"picked":"PiercingWail","floor":35},{"not_picked":["Blade Dance+1","Outmaneuver"],"picked":"Catalyst","floor":36},{"not_picked":["Reflex+1","Blade Dance"],"picked":"Crippling Poison+1","floor":39},{"not_picked":["Eviscerate","Riddle With Holes","Caltrops"],"picked":"SKIP","floor":40},{"not_picked":["Accuracy","Bane"],"picked":"Dodge and Roll","floor":41},{"not_picked":["Predator","Reflex"],"picked":"Poisoned Stab","floor":44},{"not_picked":["Outmaneuver","Flying Knee","Accuracy"],"picked":"SKIP","floor":46},{"not_picked":["Prepared","Infinite Blades"],"picked":"Bouncing Flask+1","floor":48},{"not_picked":["Unload","Underhanded Strike+1","Prepared"],"picked":"SKIP","floor":55}],"player_experience":4740305,"relics_obtained":[{"floor":2,"key":"Potion Belt"},{"floor":6,"key":"Bronze Scales"},{"floor":8,"key":"Smiling Mask"},{"floor":9,"key":"Oddly Smooth Stone"},{"floor":10,"key":"Bottled Lightning"},{"floor":14,"key":"Centennial Puzzle"},{"floor":21,"key":"Enchiridion"},{"floor":26,"key":"Bag of Preparation"},{"floor":27,"key":"Whetstone"},{"floor":31,"key":"Nunchaku"},{"floor":40,"key":"MawBank"},{"floor":44,"key":"Regal Pillow"},{"floor":46,"key":"Art of War"},{"floor":48,"key":"StoneCalendar"},{"floor":55,"key":"Vajra"}],"event_choices":[{"damage_healed":0,"gold_gain":0,"player_choice":"Ignored","damage_taken":0,"max_hp_gain":0,"max_hp_loss":0,"event_name":"Liars Game","floor":4,"gold_loss":0},{"cards_removed":["Strike_G"],"damage_healed":0,"gold_gain":0,"player_choice":"Card Removal","damage_taken":0,"max_hp_gain":0,"max_hp_loss":0,"event_name":"The Cleric","floor":5,"gold_loss":75},{"damage_healed":0,"gold_gain":0,"player_choice":"Ignored","damage_taken":0,"max_hp_gain":0,"max_hp_loss":0,"event_name":"Shining Light","floor":11,"gold_loss":0},{"cards_removed":["Strike_G"],"damage_healed":0,"gold_gain":0,"player_choice":"Offered Basic","damage_taken":0,"max_hp_gain":0,"max_hp_loss":0,"event_name":"Bonfire Elementals","floor":12,"gold_loss":0},{"damage_healed":0,"gold_gain":0,"player_choice":"Joined the Cult","damage_taken":6,"max_hp_gain":0,"max_hp_loss":0,"event_name":"Nest","floor":19,"gold_loss":0,"cards_obtained":["RitualDagger"]},{"damage_healed":0,"gold_gain":0,"player_choice":"Read","damage_taken":0,"max_hp_gain":0,"max_hp_loss":0,"event_name":"The Library","floor":20,"gold_loss":0,"cards_obtained":["Noxious Fumes"]},{"damage_healed":0,"gold_gain":0,"player_choice":"Obtained Book","damage_taken":21,"max_hp_gain":0,"max_hp_loss":0,"event_name":"Cursed Tome","floor":21,"gold_loss":0},{"cards_removed":["Strike_G"],"damage_healed":0,"gold_gain":0,"player_choice":"Gave Gold","damage_taken":0,"max_hp_gain":0,"max_hp_loss":0,"event_name":"Beggar","floor":29,"gold_loss":75},{"damage_healed":0,"gold_gain":0,"player_choice":"Got Potions","damage_taken":0,"max_hp_gain":0,"max_hp_loss":0,"event_name":"Lab","floor":38,"gold_loss":0},{"damage_healed":0,"gold_gain":0,"player_choice":"Max HP","damage_taken":0,"max_hp_gain":0,"max_hp_loss":3,"event_name":"Winding Halls","floor":42,"gold_loss":0},{"damage_healed":0,"gold_gain":0,"player_choice":"Fight","damage_taken":0,"max_hp_gain":0,"max_hp_loss":0,"event_name":"Mysterious Sphere","floor":48,"gold_loss":0}],"is_beta":true,"boss_relics":[{"not_picked":["Astrolabe","Empty Cage"],"picked":"Fusion Hammer"},{"not_picked":["Busted Crown","Coffee Dripper"],"picked":"Lizard Tail"}],"items_purged_floors":[22,24],"is_endless":false,"potions_floor_spawned":[1,6,10,30,33,36,40,44,46,48],"killed_by":"The Heart","ascension_level":20}