{"gold_per_floor":[213,213,226,240,240,240,273,273,323,334,353,384,401,420,420,499,499,499,424,344,107,107,107,107,107,107,107,107],"floor_reached":28,"playtime":1430,"items_purged":["Strike_B","Strike_B"],"score":550,"play_id":"1135cec8-9120-46fb-83f8-c56ac91c1991","local_time":"20190209134847","is_ascension_mode":true,"campfire_choices":[{"data":"Lockon","floor":6,"key":"SMITH"},{"data":"Conserve Battery","floor":8,"key":"SMITH"},{"data":"Consume","floor":15,"key":"SMITH"},{"data":"Coolheaded","floor":25,"key":"SMITH"},{"data":"Static Discharge","floor":27,"key":"SMITH"}],"neow_cost":"NONE","seed_source_timestamp":53647603125565,"circlet_count":0,"master_deck":["AscendersBane","Strike_B","Strike_B","Defend_B","Defend_B","Defend_B","Defend_B","Zap+1","Dualcast","Lockon+1","Ball Lightning","Conserve Battery+1","Electrodynamics","Ball Lightning","Cold Snap","Consume+1","Rainbow","Storm","Storm","Coolheaded+1","Ghostly","Ghostly","Ghostly","Chill","Static Discharge+1"],"relics":["Cracked Core","Lantern","Potion Belt","Dodecahedron","Ectoplasm","DataDisk","PreservedInsect"],"potions_floor_usage":[12,16,28,28],"damage_taken":[{"damage":0,"enemies":"2 Louse","floor":1,"turns":1},{"damage":0,"enemies":"Cultist","floor":3,"turns":3},{"damage":0,"enemies":"Small Slimes","floor":4,"turns":2},{"damage":11,"enemies":"Gremlin Nob","floor":7,"turns":3},{"damage":1,"enemies":"Exordium Thugs","floor":10,"turns":3},{"damage":3,"enemies":"Blue Slaver","floor":11,"turns":3},{"damage":14,"enemies":"3 Sentries","floor":12,"turns":4},{"damage":0,"enemies":"Lots of Slimes","floor":13,"turns":1},{"damage":0,"enemies":"Large Slime","floor":14,"turns":3},{"damage":29,"enemies":"Hexaghost","floor":16,"turns":9},{"damage":16,"enemies":"Shell Parasite","floor":18,"turns":2},{"damage":24,"enemies":"2 Thieves","floor":20,"turns":4},{"damage":0,"enemies":"Gremlin Leader","floor":23,"turns":5},{"damage":0,"enemies":"Centurion and Healer","floor":24,"turns":4},{"damage":15,"enemies":"Slavers","floor":28,"turns":1}],"seed_played":"-8361490142015905394","potions_obtained":[{"floor":1,"key":"SteroidPotion"},{"floor":7,"key":"Dexterity Potion"},{"floor":12,"key":"PowerPotion"},{"floor":16,"key":"PowerPotion"},{"floor":20,"key":"EssenceOfSteel"},{"floor":23,"key":"Energy Potion"}],"is_trial":false,"path_per_floor":["M","?","M","M","?","R","E","R","T","M","M","E","M","M","R","B",null,"M","$","M","$","?","E","M","R","T","R","E"],"character_chosen":"DEFECT","items_purchased":["Storm","Coolheaded"],"campfire_rested":0,"item_purchase_floors":[21,21],"current_hp_per_floor":[64,64,64,64,64,64,53,53,53,52,49,35,35,35,35,6,55,39,39,15,15,15,15,15,15,15,15,0],"gold":107,"neow_bonus":"HUNDRED_GOLD","is_prod":false,"is_daily":false,"chose_seed":false,"campfire_upgraded":5,"win_rate":0,"timestamp":1549748927,"path_taken":["M","?","M","?","?","R","E","R","T","M","M","E","M","M","R","BOSS","M","$","M","$","?","E","M","R","T","R","E"],"build_version":"2019-02-06","purchased_purges":2,"victory":false,"max_hp_per_floor":[71,71,71,71,71,71,71,71,71,71,71,71,71,71,71,71,71,71,71,71,71,35,35,35,35,35,35,35],"card_choices":[{"not_picked":["Skim","Leap"],"picked":"Go for the Eyes","floor":1},{"not_picked":["Go for the Eyes","Loop"],"picked":"Lockon","floor":3},{"not_picked":["Storm","Fusion"],"picked":"Ball Lightning","floor":4},{"not_picked":["Skim","Aggregate"],"picked":"Conserve Battery","floor":7},{"not_picked":["Aggregate","Heatsinks"],"picked":"Electrodynamics","floor":10},{"not_picked":["Compile Driver","Loop"],"picked":"Ball Lightning","floor":11},{"not_picked":["Steam Power","Ball Lightning"],"picked":"Cold Snap","floor":12},{"not_picked":["Steam","Coolheaded"],"picked":"Consume","floor":13},{"not_picked":["Gash","Beam Cell","Steam"],"picked":"SKIP","floor":14},{"not_picked":["Amplify","Reboot"],"picked":"Rainbow","floor":16},{"not_picked":["Tempest","Gash"],"picked":"Storm","floor":18},{"not_picked":["Barrage","Reprogram","Streamline"],"picked":"SKIP","floor":20},{"not_picked":["Hyperbeam","Rebound"],"picked":"Chill","floor":23},{"not_picked":["Rebound","Consume+1"],"picked":"Static Discharge","floor":24}],"player_experience":4749250,"relics_obtained":[{"floor":7,"key":"Potion Belt"},{"floor":12,"key":"Dodecahedron"},{"floor":23,"key":"DataDisk"},{"floor":26,"key":"PreservedInsect"}],"event_choices":[{"cards_removed":["Go for the Eyes"],"damage_healed":0,"gold_gain":0,"player_choice":"Gave Card","damage_taken":0,"relics_obtained":["Lantern"],"max_hp_gain":0,"max_hp_loss":0,"event_name":"WeMeetAgain","floor":2,"gold_loss":0},{"damage_healed":0,"gold_gain":0,"player_choice":"Grow","damage_taken":0,"max_hp_gain":0,"max_hp_loss":0,"event_name":"Living Wall","floor":5,"gold_loss":0,"cards_upgraded":["Zap"]},{"damage_healed":0,"gold_gain":0,"player_choice":"Became a Ghost","damage_taken":0,"max_hp_gain":0,"max_hp_loss":36,"event_name":"Ghosts","floor":22,"gold_loss":0,"cards_obtained":["Ghostly","Ghostly","Ghostly"]}],"is_beta":true,"boss_relics":[{"not_picked":["Nuclear Battery","Empty Cage"],"picked":"Ectoplasm"}],"items_purged_floors":[19,21],"is_endless":false,"potions_floor_spawned":[1,7,12,16,20,23,24],"killed_by":"Slavers","ascension_level":20}