{"gold_per_floor":[116,116,131,154,178,211,211,245,245,264,264,229,71,85,85,174,174,195,208,208,224,224,224,224],"floor_reached":24,"playtime":1298,"items_purged":[],"score":416,"play_id":"31f8009f-06e8-4433-bb22-8ad827e0f594","local_time":"20190206145452","is_ascension_mode":true,"campfire_choices":[{"data":"Bash","floor":7,"key":"SMITH"},{"data":"1","floor":11,"key":"LIFT"},{"data":"2","floor":15,"key":"LIFT"},{"floor":23,"key":"REST"}],"neow_cost":"NONE","seed_source_timestamp":99308981774952,"circlet_count":0,"master_deck":["AscendersBane","Strike_R","Strike_R","Strike_R","Strike_R","Strike_R","Defend_R","Defend_R","Defend_R","Defend_R","Bash+1","Spot Weakness","Hemokinesis","Anger","Armaments","Clothesline","Shrug It Off","Shrug It Off","Fiend Fire","Shrug It Off","Disarm"],"relics":["Burning Blood","Golden Idol","Vajra","Blue Candle","Girya","Oddly Smooth Stone","Philosopher\u0027s Stone"],"potions_floor_usage":[5,6,8,19,21,21,24],"damage_taken":[{"damage":5,"enemies":"Small Slimes","floor":1,"turns":3},{"damage":18,"enemies":"Jaw Worm","floor":3,"turns":7},{"damage":4,"enemies":"2 Louse","floor":4,"turns":4},{"damage":20,"enemies":"Red Slaver","floor":5,"turns":5},{"damage":28,"enemies":"3 Sentries","floor":6,"turns":7},{"damage":21,"enemies":"Lagavulin","floor":8,"turns":6},{"damage":7,"enemies":"Blue Slaver","floor":10,"turns":4},{"damage":12,"enemies":"3 Louse","floor":14,"turns":3},{"damage":13,"enemies":"The Guardian","floor":16,"turns":9},{"damage":23,"enemies":"Spheric Guardian","floor":18,"turns":4},{"damage":8,"enemies":"3 Byrds","floor":19,"turns":6},{"damage":17,"enemies":"Snake Plant","floor":21,"turns":4},{"damage":17,"enemies":"Colosseum Slavers","floor":22,"turns":5},{"damage":54,"enemies":"Gremlin Leader","floor":24,"turns":3}],"seed_played":"1528585571615081717","potions_obtained":[{"floor":1,"key":"Regen Potion"},{"floor":4,"key":"Weak Potion"},{"floor":5,"key":"Fire Potion"},{"floor":14,"key":"SkillPotion"},{"floor":16,"key":"Swift Potion"},{"floor":19,"key":"EssenceOfSteel"},{"floor":21,"key":"SteroidPotion"}],"is_trial":false,"path_per_floor":["M","?","M","M","M","E","R","E","T","M","R","?","$","M","R","B",null,"M","M","?","M","?","R","E"],"character_chosen":"IRONCLAD","items_purchased":["Oddly Smooth Stone"],"campfire_rested":1,"item_purchase_floors":[13],"current_hp_per_floor":[76,74,62,64,64,42,42,27,27,26,26,44,44,38,38,31,63,46,44,44,33,22,44,0],"gold":224,"neow_bonus":"TEN_PERCENT_HP_BONUS","is_prod":false,"is_daily":false,"chose_seed":false,"campfire_upgraded":1,"win_rate":0,"timestamp":1549493692,"path_taken":["M","?","M","M","M","E","R","E","T","M","R","?","$","M","R","BOSS","M","M","?","?","?","R","E"],"build_version":"2019-01-23","purchased_purges":0,"victory":false,"max_hp_per_floor":[82,74,74,74,74,74,74,74,74,74,74,74,74,74,74,74,74,74,74,74,74,74,74,74],"card_choices":[{"not_picked":["Seeing Red","Corruption","Rupture"],"picked":"SKIP","floor":1},{"not_picked":["Rupture","Thunderclap"],"picked":"Spot Weakness","floor":3},{"not_picked":["Heavy Blade","Cleave"],"picked":"Hemokinesis","floor":4},{"not_picked":["Havoc","Heavy Blade"],"picked":"Anger","floor":5},{"not_picked":["Berserk","Perfected Strike"],"picked":"Armaments","floor":6},{"not_picked":["Infernal Blade","Twin Strike"],"picked":"Clothesline","floor":8},{"not_picked":["Perfected Strike","Rampage"],"picked":"Shrug It Off","floor":10},{"not_picked":["Headbutt","Clash"],"picked":"Shrug It Off","floor":14},{"not_picked":["Brutality","Dark Embrace"],"picked":"Fiend Fire","floor":16},{"not_picked":["Blood for Blood+1","Dropkick"],"picked":"Shrug It Off","floor":18},{"not_picked":["Shrug It Off+1","Carnage"],"picked":"Disarm","floor":19},{"not_picked":["Clothesline","Armaments","Anger"],"picked":"SKIP","floor":21}],"player_experience":4684456,"relics_obtained":[{"floor":6,"key":"Vajra"},{"floor":8,"key":"Blue Candle"},{"floor":9,"key":"Girya"}],"event_choices":[{"damage_healed":0,"gold_gain":0,"player_choice":"Lose Max HP","damage_taken":0,"relics_obtained":["Golden Idol"],"max_hp_gain":0,"max_hp_loss":8,"event_name":"Golden Idol","floor":2,"gold_loss":0},{"damage_healed":18,"gold_gain":0,"player_choice":"Healed","damage_taken":0,"max_hp_gain":0,"max_hp_loss":0,"event_name":"The Cleric","floor":12,"gold_loss":35},{"damage_healed":0,"gold_gain":0,"player_choice":"Leave","damage_taken":0,"max_hp_gain":0,"max_hp_loss":0,"event_name":"FaceTrader","floor":20,"gold_loss":0},{"damage_healed":0,"gold_gain":0,"player_choice":"Fight","damage_taken":0,"max_hp_gain":0,"max_hp_loss":0,"event_name":"Colosseum","floor":22,"gold_loss":0},{"damage_healed":0,"gold_gain":0,"player_choice":"Fled From Nobs","damage_taken":0,"max_hp_gain":0,"max_hp_loss":0,"event_name":"Colosseum","floor":22,"gold_loss":0}],"is_beta":true,"boss_relics":[{"not_picked":["Busted Crown","Lizard Tail"],"picked":"Philosopher\u0027s Stone"}],"items_purged_floors":[],"is_endless":false,"potions_floor_spawned":[1,4,5,14,16,18,19,21],"killed_by":"Gremlin Leader","ascension_level":20}