{"gold_per_floor":[110,110,110,124,136,136,171,183,220,232,262,309,321,359,371,460,472,494,516,175,175,190,190,216,216,216,249,264,264,281,316,316,395,395,414,414,152,152,167,198,208,208],"floor_reached":42,"playtime":3125,"items_purged":["Strike_B","Aggregate"],"score":1008,"play_id":"64544c7b-9624-4d69-a116-8091abb26645","local_time":"20190206143213","is_ascension_mode":true,"campfire_choices":[{"data":"Loop","floor":6,"key":"SMITH"},{"data":"Zap","floor":8,"key":"SMITH"},{"data":"Ball Lightning","floor":10,"key":"SMITH"},{"data":"Self Repair","floor":15,"key":"SMITH"},{"floor":23,"key":"REST"},{"data":"Defragment","floor":25,"key":"SMITH"},{"floor":29,"key":"REST"},{"floor":32,"key":"REST"}],"neow_cost":"NONE","seed_source_timestamp":96124182963137,"circlet_count":0,"master_deck":["AscendersBane","Zap+1","Dualcast","Glacier","FTL","Loop+1","Ball Lightning+1","Self Repair+1","Ball Lightning","Biased Cognition","Hologram","Apotheosis","Necronomicurse","Defragment+1","Cold Snap","White Noise","Coolheaded","Biased Cognition","Electrodynamics","Barrage","Echo Form","Streamline","PanicButton","Impatience","Heatsinks","Hologram"],"relics":["Cracked Core","Anchor","MawBank","Vajra","Lantern","Cursed Key","Necronomicon","Art of War","PreservedInsect","Bag of Marbles","Pandora\u0027s Box","Bronze Scales","Letter Opener"],"potions_floor_usage":[16,16,24,27,31,33,42],"damage_taken":[{"damage":9,"enemies":"Jaw Worm","floor":1,"turns":4},{"damage":0,"enemies":"Small Slimes","floor":4,"turns":4},{"damage":0,"enemies":"2 Louse","floor":5,"turns":2},{"damage":15,"enemies":"Lagavulin","floor":7,"turns":6},{"damage":3,"enemies":"Blue Slaver","floor":11,"turns":3},{"damage":9,"enemies":"3 Sentries","floor":12,"turns":10},{"damage":5,"enemies":"Lagavulin","floor":14,"turns":5},{"damage":36,"enemies":"Hexaghost","floor":16,"turns":9},{"damage":13,"enemies":"3 Byrds","floor":18,"turns":4},{"damage":0,"enemies":"Chosen","floor":19,"turns":3},{"damage":19,"enemies":"3 Cultists","floor":22,"turns":4},{"damage":5,"enemies":"Book of Stabbing","floor":24,"turns":4},{"damage":37,"enemies":"Slavers","floor":27,"turns":4},{"damage":18,"enemies":"Snake Plant","floor":28,"turns":3},{"damage":17,"enemies":"Cultist and Chosen","floor":30,"turns":6},{"damage":13,"enemies":"Gremlin Leader","floor":31,"turns":4},{"damage":46,"enemies":"Collector","floor":33,"turns":10},{"damage":15,"enemies":"Orb Walker","floor":35,"turns":5},{"damage":6,"enemies":"3 Darklings","floor":39,"turns":4},{"damage":21,"enemies":"Nemesis","floor":40,"turns":3},{"damage":0,"enemies":"Sphere and 2 Shapes","floor":41,"turns":3},{"damage":76,"enemies":"Reptomancer","floor":42,"turns":5}],"seed_played":"-180827332695352180","potions_obtained":[{"floor":1,"key":"GamblersBrew"},{"floor":4,"key":"AttackPotion"},{"floor":12,"key":"Swift Potion"},{"floor":18,"key":"Fire Potion"},{"floor":28,"key":"Poison Potion"},{"floor":31,"key":"Poison Potion"},{"floor":39,"key":"LiquidBronze"},{"floor":41,"key":"Weak Potion"}],"is_trial":false,"path_per_floor":["M","?","?","M","M","R","E","R","T","R","M","E","?","E","R","B",null,"M","M","$","?","M","R","E","R","T","E","M","R","M","E","R","B",null,"M","?","$","?","M","E","M","E"],"character_chosen":"DEFECT","items_purchased":["Apotheosis","FocusPotion","Bronze Scales"],"campfire_rested":3,"item_purchase_floors":[20,20,37],"current_hp_per_floor":[62,67,62,62,62,62,47,47,47,47,44,42,35,37,37,11,65,62,72,72,51,42,66,71,71,71,44,36,60,53,50,74,38,72,77,67,67,83,83,62,62,0],"gold":208,"neow_bonus":"TEN_PERCENT_HP_BONUS","is_prod":false,"is_daily":false,"chose_seed":false,"campfire_upgraded":5,"win_rate":0,"timestamp":1549492333,"path_taken":["M","?","?","M","?","R","E","R","T","R","M","E","?","E","R","BOSS","M","M","$","?","M","R","E","R","T","E","M","R","M","E","R","BOSS","M","?","$","?","?","E","M","E"],"build_version":"2019-01-23","purchased_purges":2,"victory":false,"max_hp_per_floor":[78,83,83,83,83,83,83,83,83,83,83,83,83,83,83,83,83,83,83,83,83,83,83,83,83,83,83,83,83,83,83,83,83,83,83,83,83,83,83,83,83,83],"card_choices":[{"not_picked":["Consume","Hello World"],"picked":"Glacier","floor":1},{"not_picked":["Compile Driver","Hologram"],"picked":"FTL","floor":4},{"not_picked":["Leap","Rebound"],"picked":"Loop","floor":5},{"not_picked":["Go for the Eyes","Compile Driver"],"picked":"Ball Lightning","floor":7},{"not_picked":["Go for the Eyes","Ball Lightning"],"picked":"Self Repair","floor":11},{"not_picked":["Lockon","Leap"],"picked":"Ball Lightning","floor":12},{"not_picked":["Lockon","Rebound","Reprogram"],"picked":"SKIP","floor":14},{"not_picked":["Buffer","Rainbow"],"picked":"Biased Cognition","floor":16},{"not_picked":["Redo","Leap"],"picked":"Hologram","floor":19},{"not_picked":["Force Field","Beam Cell"],"picked":"Defragment","floor":22},{"not_picked":["Fusion","Conserve Battery","Steam Power"],"picked":"SKIP","floor":24},{"not_picked":["Melter","Turbo","Gash"],"picked":"SKIP","floor":27},{"not_picked":["Recycle","Conserve Battery"],"picked":"Cold Snap","floor":28},{"not_picked":["Storm","Lockon"],"picked":"White Noise","floor":30},{"not_picked":["Beam Cell","Redo"],"picked":"Coolheaded","floor":31},{"not_picked":["Core Surge","Thunder Strike"],"picked":"Biased Cognition","floor":33},{"not_picked":["Redo","Stack","Chaos+1"],"picked":"SKIP","floor":35},{"not_picked":["Apotheosis","Madness"],"picked":"PanicButton","floor":36},{"not_picked":["Purity","Mind Blast"],"picked":"Impatience","floor":36},{"not_picked":["Turbo","Static Discharge"],"picked":"Heatsinks","floor":39},{"not_picked":["Scrape","Ball Lightning+1","Beam Cell"],"picked":"SKIP","floor":40},{"not_picked":["Compile Driver","Rebound"],"picked":"Hologram","floor":41}],"player_experience":4681331,"relics_obtained":[{"floor":7,"key":"MawBank"},{"floor":12,"key":"Vajra"},{"floor":14,"key":"Lantern"},{"floor":21,"key":"Necronomicon"},{"floor":24,"key":"Art of War"},{"floor":27,"key":"PreservedInsect"},{"floor":31,"key":"Bag of Marbles"},{"floor":40,"key":"Letter Opener"}],"event_choices":[{"damage_healed":0,"gold_gain":0,"player_choice":"Donut","damage_taken":0,"max_hp_gain":5,"max_hp_loss":0,"event_name":"Big Fish","floor":2,"gold_loss":0},{"damage_healed":0,"gold_gain":0,"player_choice":"Success","damage_taken":5,"relics_obtained":["Anchor"],"max_hp_gain":0,"max_hp_loss":0,"event_name":"Scrap Ooze","floor":3,"gold_loss":0},{"cards_removed":["Strike_B"],"damage_healed":0,"gold_gain":0,"player_choice":"Card Removal","damage_taken":7,"max_hp_gain":0,"max_hp_loss":0,"event_name":"Golden Wing","floor":13,"gold_loss":0},{"damage_healed":0,"gold_gain":0,"player_choice":"Obtained Book","damage_taken":21,"max_hp_gain":0,"max_hp_loss":0,"event_name":"Cursed Tome","floor":21,"gold_loss":0},{"damage_healed":0,"gold_gain":0,"player_choice":"Memory 3","damage_taken":10,"max_hp_gain":0,"max_hp_loss":0,"event_name":"SensoryStone","floor":36,"gold_loss":0},{"cards_removed":["Fusion"],"damage_healed":16,"gold_gain":0,"player_choice":"Offered Uncommon","damage_taken":0,"max_hp_gain":0,"max_hp_loss":0,"event_name":"Bonfire Elementals","floor":38,"gold_loss":0}],"is_beta":true,"boss_relics":[{"not_picked":["FrozenCore","Ectoplasm"],"picked":"Cursed Key"},{"not_picked":["White Beast Statue","Coffee Dripper"],"picked":"Pandora\u0027s Box"}],"items_purged_floors":[20,37],"is_endless":false,"potions_floor_spawned":[1,4,12,14,18,28,31,39,41],"killed_by":"Reptomancer","ascension_level":20}