{"gold_per_floor":[111,186,186,81,81,124,124,160,160,180,180,203,203,219,219,219],"floor_reached":16,"playtime":857,"items_purged":["Strike_B"],"score":216,"play_id":"ee4888bb-feff-4c0c-955d-bb3f06da856a","local_time":"20190204142158","is_ascension_mode":true,"campfire_choices":[{"data":"Zap","floor":7,"key":"SMITH"},{"data":"Ball Lightning","floor":11,"key":"SMITH"},{"data":"Sweeping Beam","floor":13,"key":"SMITH"},{"data":"Cold Snap","floor":15,"key":"SMITH"}],"neow_cost":"NONE","seed_source_timestamp":533923424745656,"circlet_count":0,"master_deck":["AscendersBane","Strike_B","Strike_B","Strike_B","Defend_B","Defend_B","Defend_B","Defend_B","Zap+1","Dualcast","Sweeping Beam+1","Ball Lightning+1","Cold Snap+1","Coolheaded"],"relics":["Cracked Core","Golden Idol","Oddly Smooth Stone","Singing Bowl"],"potions_floor_usage":[6,8,14,16,16],"damage_taken":[{"damage":1,"enemies":"Small Slimes","floor":1,"turns":3},{"damage":25,"enemies":"3 Sentries","floor":6,"turns":5},{"damage":6,"enemies":"Gremlin Nob","floor":8,"turns":3},{"damage":0,"enemies":"Jaw Worm","floor":10,"turns":3},{"damage":0,"enemies":"Cultist","floor":12,"turns":3},{"damage":4,"enemies":"2 Fungi Beasts","floor":14,"turns":2},{"damage":45,"enemies":"Hexaghost","floor":16,"turns":9}],"seed_played":"-6821766201837615607","potions_obtained":[{"floor":0,"key":"PowerPotion"},{"floor":0,"key":"Swift Potion"},{"floor":8,"key":"Fruit Juice"},{"floor":12,"key":"Energy Potion"},{"floor":14,"key":"SteroidPotion"}],"is_trial":false,"path_per_floor":["M","?","?","$","?","E","R","E","T","M","R","M","R","M","R","B"],"character_chosen":"DEFECT","items_purchased":["Ball Lightning"],"campfire_rested":0,"item_purchase_floors":[4],"current_hp_per_floor":[63,52,52,52,64,39,39,35,35,37,37,39,39,40,40,0],"gold":219,"neow_bonus":"THREE_SMALL_POTIONS","is_prod":false,"is_daily":false,"chose_seed":false,"campfire_upgraded":4,"win_rate":0,"timestamp":1549318918,"path_taken":["M","?","?","$","?","E","R","E","T","M","R","M","R","?","R","BOSS"],"build_version":"2019-01-23","purchased_purges":1,"victory":false,"max_hp_per_floor":[71,71,64,64,64,64,64,66,66,68,68,70,70,75,75,75],"card_choices":[{"not_picked":["Hologram","Sunder"],"picked":"Sweeping Beam","floor":1},{"not_picked":["Compile Driver","Redo"],"picked":"Cold Snap","floor":6},{"not_picked":["Stack","Cold Snap","Double Energy"],"picked":"Singing Bowl","floor":8},{"not_picked":["Stack","Rip and Tear","Tempest"],"picked":"Singing Bowl","floor":10},{"not_picked":["Steam Power","Hologram","Hello World"],"picked":"Singing Bowl","floor":12},{"not_picked":["Turbo","Barrage"],"picked":"Coolheaded","floor":14}],"player_experience":4667216,"relics_obtained":[{"floor":6,"key":"Oddly Smooth Stone"},{"floor":8,"key":"Singing Bowl"}],"event_choices":[{"damage_healed":0,"gold_gain":75,"player_choice":"Gather Gold","damage_taken":11,"max_hp_gain":0,"max_hp_loss":0,"event_name":"World of Goop","floor":2,"gold_loss":0},{"damage_healed":0,"gold_gain":0,"player_choice":"Lose Max HP","damage_taken":0,"relics_obtained":["Golden Idol"],"max_hp_gain":0,"max_hp_loss":7,"event_name":"Golden Idol","floor":3,"gold_loss":0},{"damage_healed":12,"gold_gain":0,"player_choice":"Full Heal","damage_taken":0,"max_hp_gain":0,"max_hp_loss":0,"event_name":"Wheel of Change","floor":5,"gold_loss":0}],"is_beta":true,"boss_relics":[],"items_purged_floors":[4],"is_endless":false,"potions_floor_spawned":[8,12,14],"killed_by":"Hexaghost","ascension_level":20}