{"gold_per_floor":[367,367,378,28,28,58,58,90,90,116,131,131,131,161,161,239,239,249,266,266,266,266,266,266,301,301,317,8,58,58,58],"floor_reached":31,"playtime":1815,"items_purged":["Strike_B","Strike_B"],"score":554,"play_id":"499bee35-d990-48a2-b666-20232d89e353","local_time":"20190211201059","is_ascension_mode":true,"campfire_choices":[{"floor":7,"key":"REST"},{"floor":12,"key":"REST"},{"floor":15,"key":"REST"},{"floor":23,"key":"REST"}],"neow_cost":"PERCENT_DAMAGE","seed_source_timestamp":99865827926226,"circlet_count":0,"master_deck":["AscendersBane","Strike_B","Strike_B","Defend_B","Defend_B","Defend_B","Defend_B","Zap+1","Dualcast","Doom and Gloom","Ball Lightning","Sweeping Beam","Ball Lightning","Fission","Hologram","Coolheaded","Skim","Consume"],"relics":["Cracked Core","TheAbacus","Singing Bowl","Bronze Scales","Omamori","Lantern","Matryoshka","Runic Dome","WarpedTongs","Symbiotic Virus","Anchor","Gremlin Horn"],"potions_floor_usage":[8,8,20,25,27,31],"damage_taken":[{"damage":7,"enemies":"Jaw Worm","floor":1,"turns":3},{"damage":0,"enemies":"2 Louse","floor":3,"turns":2},{"damage":14,"enemies":"Lagavulin","floor":6,"turns":6},{"damage":5,"enemies":"3 Sentries","floor":8,"turns":4},{"damage":19,"enemies":"Lagavulin","floor":10,"turns":6},{"damage":8,"enemies":"Small Slimes","floor":11,"turns":2},{"damage":20,"enemies":"3 Sentries","floor":14,"turns":3},{"damage":26,"enemies":"Slime Boss","floor":16,"turns":7},{"damage":18,"enemies":"2 Thieves","floor":18,"turns":3},{"damage":22,"enemies":"Shell Parasite","floor":19,"turns":4},{"damage":17,"enemies":"Colosseum Slavers","floor":20,"turns":3},{"damage":29,"enemies":"Slavers","floor":25,"turns":3},{"damage":7,"enemies":"Cultist and Chosen","floor":27,"turns":4},{"damage":9,"enemies":"Snecko","floor":31,"turns":2}],"seed_played":"6152267410147381713","potions_obtained":[{"floor":1,"key":"SpeedPotion"},{"floor":3,"key":"Energy Potion"},{"floor":11,"key":"Swift Potion"},{"floor":19,"key":"AttackPotion"},{"floor":25,"key":"Regen Potion"}],"is_trial":false,"path_per_floor":["M","?","M","$","?","E","R","E","T","E","M","R","?","E","R","B",null,"M","M","?","?","?","R","?","E","T","M","$","?","?","M"],"character_chosen":"DEFECT","items_purchased":["TheAbacus","Fire Potion","Consume","Dexterity Potion","EssenceOfSteel"],"campfire_rested":4,"item_purchase_floors":[4,4,28,28,28],"current_hp_per_floor":[39,39,39,39,39,27,48,45,45,26,18,40,40,22,45,19,63,45,25,8,8,8,31,31,4,4,9,9,9,9,0],"gold":58,"neow_bonus":"TWO_FIFTY_GOLD","is_prod":false,"is_daily":false,"chose_seed":false,"campfire_upgraded":0,"win_rate":0,"timestamp":1549944659,"path_taken":["M","?","M","$","?","E","R","E","T","E","M","R","?","E","R","BOSS","M","M","?","?","?","R","?","E","T","?","$","?","?","M"],"build_version":"2019-02-06","purchased_purges":2,"victory":false,"max_hp_per_floor":[71,71,71,71,71,73,73,75,75,75,75,75,75,77,77,77,77,77,79,79,79,79,79,79,81,81,81,81,81,81,81],"card_choices":[{"not_picked":["Storm","Compile Driver"],"picked":"Doom and Gloom","floor":1},{"not_picked":["Gash","Coolheaded"],"picked":"Ball Lightning","floor":3},{"not_picked":["Leap","Streamline","Darkness"],"picked":"Singing Bowl","floor":6},{"not_picked":["Tempest","Chaos","Lockon"],"picked":"Singing Bowl","floor":8},{"not_picked":["Stack","Barrage"],"picked":"Sweeping Beam","floor":10},{"not_picked":["Heatsinks","Redo"],"picked":"Ball Lightning","floor":11},{"not_picked":["Sunder","Aggregate","Thunder Strike"],"picked":"Singing Bowl","floor":14},{"not_picked":["Machine Learning","Hyperbeam"],"picked":"Fission","floor":16},{"not_picked":["Consume","Lockon"],"picked":"Hologram","floor":18},{"not_picked":["Steam Power","Gash","Steam"],"picked":"Singing Bowl","floor":19},{"not_picked":["Barrage","Redo","Static Discharge"],"picked":"Singing Bowl","floor":25},{"not_picked":["Double Energy","Barrage"],"picked":"Skim","floor":27}],"player_experience":4756874,"relics_obtained":[{"floor":6,"key":"Singing Bowl"},{"floor":8,"key":"Bronze Scales"},{"floor":9,"key":"Omamori"},{"floor":10,"key":"Lantern"},{"floor":14,"key":"Matryoshka"},{"floor":25,"key":"Symbiotic Virus"},{"floor":26,"key":"Anchor"},{"floor":26,"key":"Gremlin Horn"}],"event_choices":[{"damage_healed":0,"gold_gain":0,"player_choice":"Fled","damage_taken":0,"max_hp_gain":0,"max_hp_loss":0,"event_name":"Scrap Ooze","floor":2,"gold_loss":0},{"damage_healed":0,"gold_gain":0,"player_choice":"Grow","damage_taken":0,"max_hp_gain":0,"max_hp_loss":0,"event_name":"Living Wall","floor":5,"gold_loss":0,"cards_upgraded":["Zap"]},{"damage_healed":0,"gold_gain":0,"player_choice":"Ignored","damage_taken":0,"max_hp_gain":0,"max_hp_loss":0,"event_name":"Shining Light","floor":13,"gold_loss":0},{"damage_healed":0,"gold_gain":0,"player_choice":"Fight","damage_taken":0,"max_hp_gain":0,"max_hp_loss":0,"event_name":"Colosseum","floor":20,"gold_loss":0},{"damage_healed":0,"gold_gain":0,"player_choice":"Fled From Nobs","damage_taken":0,"max_hp_gain":0,"max_hp_loss":0,"event_name":"Colosseum","floor":20,"gold_loss":0},{"damage_healed":0,"gold_gain":0,"player_choice":"Read","damage_taken":0,"max_hp_gain":0,"max_hp_loss":0,"event_name":"The Library","floor":21,"gold_loss":0,"cards_obtained":["Coolheaded"]},{"damage_healed":0,"gold_gain":0,"player_choice":"Smashed Altar","damage_taken":0,"max_hp_gain":0,"max_hp_loss":0,"event_name":"Forgotten Altar","floor":22,"gold_loss":0,"cards_obtained":["Decay"]},{"damage_healed":0,"gold_gain":0,"player_choice":"Rummage","damage_taken":0,"relics_obtained":["WarpedTongs"],"max_hp_gain":0,"max_hp_loss":0,"event_name":"Accursed Blacksmith","floor":24,"gold_loss":0,"cards_obtained":["Pain"]},{"damage_healed":0,"gold_gain":50,"player_choice":"Stole From Cult","damage_taken":0,"max_hp_gain":0,"max_hp_loss":0,"event_name":"Nest","floor":29,"gold_loss":0}],"is_beta":true,"boss_relics":[{"not_picked":["Busted Crown","Eternal Feather"],"picked":"Runic Dome"}],"items_purged_floors":[4,28],"is_endless":false,"potions_floor_spawned":[1,3,11,19,25],"killed_by":"Snecko","ascension_level":20}