{"gold_per_floor":[113,133,133,133,150,150,185,185,237,237,25,58,4,28,28,126,126,147,66,66,66,89,89,109,109,109,140,140,160,185,251,251,346,346,364,12,27,27,43,43,84,84,110,124,124,157,173,206,206,206,206,206,206,26,69,69],"floor_reached":57,"playtime":4258,"items_purged":["Strike_B","Strike_B+1"],"score":2951,"play_id":"ae758272-9a60-4745-90c7-d61d595a17ce","local_time":"20190207175144","is_ascension_mode":true,"campfire_choices":[{"data":"Barrage","floor":6,"key":"SMITH"},{"data":"Zap","floor":8,"key":"SMITH"},{"floor":15,"key":"REST"},{"data":"Loop","floor":23,"key":"SMITH"},{"floor":25,"key":"REST"},{"data":"Electrodynamics","floor":32,"key":"SMITH"},{"data":"Defragment","floor":40,"key":"SMITH"},{"floor":42,"key":"RECALL"},{"data":"Defend_B","floor":49,"key":"SMITH"},{"floor":53,"key":"REST"}],"neow_cost":"NONE","seed_source_timestamp":69308774723059,"circlet_count":0,"master_deck":["AscendersBane","Defend_B","Defend_B","Defend_B","Defend_B+1","Zap+1","Dualcast","Barrage+1","Ball Lightning+1","Steam+1","Chill+1","Loop+1","Echo Form","Conserve Battery+1","Glacier+1","Reinforced Body+1","Seek+1","Consume+1","Ghostly+1","Ghostly+1","Ghostly+1","Reinforced Body+1","White Noise+1","Electrodynamics+1","Meteor Strike","Reinforced Body+1","Defragment+1","Creative AI","Coolheaded+1","Glacier+1","Amplify+1","Coolheaded+1","Storm","Capacitor","Leap+1"],"relics":["Cracked Core","NeowsBlessing","Question Card","Toxic Egg 2","Whetstone","Golden Idol","OrangePellets","Letter Opener","Snecko Eye","Bottled Lightning","Strawberry","Tiny Chest","Sozu","Mummified Hand","Smiling Mask","Orichalcum","The Courier","Pantograph"],"potions_floor_usage":[16,18,27,56,56],"damage_taken":[{"damage":0,"enemies":"2 Louse","floor":1,"turns":1},{"damage":0,"enemies":"Jaw Worm","floor":2,"turns":1},{"damage":0,"enemies":"Cultist","floor":5,"turns":1},{"damage":15,"enemies":"Lagavulin","floor":7,"turns":6},{"damage":30,"enemies":"3 Sentries","floor":12,"turns":6},{"damage":0,"enemies":"Large Slime","floor":14,"turns":3},{"damage":17,"enemies":"Slime Boss","floor":16,"turns":5},{"damage":18,"enemies":"2 Thieves","floor":18,"turns":3},{"damage":1,"enemies":"Chosen","floor":22,"turns":5},{"damage":0,"enemies":"Snecko","floor":24,"turns":4},{"damage":7,"enemies":"Book of Stabbing","floor":27,"turns":5},{"damage":2,"enemies":"Centurion and Healer","floor":29,"turns":7},{"damage":6,"enemies":"Chosen and Byrds","floor":30,"turns":5},{"damage":0,"enemies":"Gremlin Leader","floor":31,"turns":8},{"damage":12,"enemies":"Champ","floor":33,"turns":15},{"damage":0,"enemies":"Orb Walker","floor":35,"turns":2},{"damage":0,"enemies":"3 Darklings","floor":37,"turns":4},{"damage":0,"enemies":"Maw","floor":39,"turns":7},{"damage":0,"enemies":"Reptomancer","floor":41,"turns":6},{"damage":0,"enemies":"Sphere and 2 Shapes","floor":44,"turns":2},{"damage":0,"enemies":"Giant Head","floor":46,"turns":7},{"damage":0,"enemies":"4 Shapes","floor":47,"turns":3},{"damage":0,"enemies":"Reptomancer","floor":48,"turns":3},{"damage":9,"enemies":"Awakened One","floor":50,"turns":28},{"damage":9,"enemies":"Time Eater","floor":51,"turns":12},{"damage":0,"enemies":"Shield and Spear","floor":55,"turns":3},{"damage":4,"enemies":"The Heart","floor":56,"turns":7}],"seed_played":"3409120251585838746","potions_obtained":[{"floor":7,"key":"SpeedPotion"},{"floor":16,"key":"Poison Potion"},{"floor":18,"key":"Block Potion"},{"floor":29,"key":"Energy Potion"}],"is_trial":false,"path_per_floor":["M","M","?","T","M","R","E","R","T","?","$","E","$","M","R","B",null,"M","$","?","?","M","R","M","R","T","E","?","M","M","E","R","B",null,"M","$","M","?","M","R","E","R","T","M","?","E","M","E","R","B","B",null,"R","$","E","B",null],"character_chosen":"DEFECT","items_purchased":["OrangePellets","SteroidPotion","Glacier+1","Mummified Hand","Storm","Capacitor"],"campfire_rested":3,"item_purchase_floors":[11,13,19,36,54,54],"current_hp_per_floor":[64,64,64,64,64,64,49,49,49,49,49,19,19,19,38,21,53,35,35,35,35,34,34,34,53,53,53,35,33,27,27,27,15,30,30,30,30,30,30,30,30,30,30,30,30,30,30,30,30,21,12,29,35,35,35,31],"gold":69,"neow_bonus":"THREE_ENEMY_KILL","is_prod":false,"is_daily":false,"chose_seed":false,"campfire_upgraded":6,"win_rate":0,"timestamp":1549590704,"path_taken":["M","M","?","?","?","R","E","R","T","?","$","E","$","M","R","BOSS","M","$","?","?","M","R","M","R","T","E","?","M","?","E","R","BOSS","M","$","M","?","M","R","E","R","T","M","?","E","?","E","R","BOSS","BOSS","R","$","E","BOSS"],"build_version":"2019-02-06","purchased_purges":2,"victory":true,"max_hp_per_floor":[71,71,71,71,71,71,71,71,71,64,64,64,64,64,64,64,64,64,64,64,64,64,64,64,64,64,71,35,35,35,35,35,35,35,35,35,35,35,35,35,35,35,35,35,35,35,35,35,35,35,35,35,35,35,35,35],"card_choices":[{"not_picked":["Beam Cell","Steam"],"picked":"Barrage","floor":1},{"not_picked":["Double Energy","Barrage"],"picked":"Ball Lightning","floor":2},{"not_picked":["Storm","Redo","Hello World"],"picked":"Ball Lightning","floor":5},{"not_picked":["Rip and Tear","Rebound","Compile Driver"],"picked":"Steam","floor":7},{"not_picked":["Melter","Double Energy+1","Storm"],"picked":"Chill+1","floor":12},{"not_picked":["Sunder","Redo+1","Blizzard"],"picked":"Loop","floor":14},{"not_picked":["Buffer","Thunder Strike","Reboot+1"],"picked":"Echo Form","floor":16},{"not_picked":["Barrage","Leap+1","Rebound"],"picked":"Conserve Battery+1","floor":18},{"not_picked":["Recycle+1","FTL","Cold Snap"],"picked":"Reinforced Body+1","floor":22},{"not_picked":["Beam Cell","Stack+1","Ball Lightning"],"picked":"Seek+1","floor":24},{"not_picked":["Go for the Eyes","Defragment","Turbo+1"],"picked":"Consume+1","floor":27},{"not_picked":["Beam Cell","Compile Driver","Hello World"],"picked":"Reinforced Body+1","floor":29},{"not_picked":["Redo+1","Static Discharge","Sunder"],"picked":"White Noise+1","floor":30},{"not_picked":["Barrage+1","Steam+1","Hologram+1"],"picked":"Electrodynamics","floor":31},{"not_picked":["Amplify+1","Buffer","Rainbow+1"],"picked":"Meteor Strike","floor":33},{"not_picked":["Rip and Tear","Steam+1","Conserve Battery+1"],"picked":"Reinforced Body+1","floor":35},{"not_picked":["Hologram+1","Streamline+1","Ball Lightning"],"picked":"Defragment","floor":37},{"not_picked":["Rebound","Compile Driver","Barrage+1"],"picked":"Creative AI","floor":39},{"not_picked":["Rip and Tear","Auto Shields+1","Leap+1","Double Energy+1"],"picked":"SKIP","floor":41},{"not_picked":["Stack+1","Scrape","Gash"],"picked":"Coolheaded+1","floor":44},{"not_picked":["Gash","Coolheaded+1","Storm"],"picked":"Glacier+1","floor":46},{"not_picked":["Rip and Tear","Gash","Go for the Eyes"],"picked":"Amplify+1","floor":47},{"not_picked":["Conserve Battery+1","Thunder Strike","Beam Cell"],"picked":"Coolheaded+1","floor":48},{"not_picked":["Redo+1","Tempest+1","Compile Driver+1"],"picked":"Leap+1","floor":55}],"player_experience":4710870,"relics_obtained":[{"floor":4,"key":"Question Card"},{"floor":7,"key":"Toxic Egg 2"},{"floor":9,"key":"Whetstone"},{"floor":12,"key":"Letter Opener"},{"floor":26,"key":"Bottled Lightning"},{"floor":27,"key":"Strawberry"},{"floor":31,"key":"Tiny Chest"},{"floor":41,"key":"Smiling Mask"},{"floor":46,"key":"Orichalcum"},{"floor":48,"key":"The Courier"},{"floor":55,"key":"Pantograph"}],"event_choices":[{"cards_removed":["Strike_B"],"damage_healed":0,"gold_gain":0,"player_choice":"Forget","damage_taken":0,"max_hp_gain":0,"max_hp_loss":0,"event_name":"Living Wall","floor":3,"gold_loss":0},{"damage_healed":0,"gold_gain":0,"player_choice":"Lose Max HP","damage_taken":0,"relics_obtained":["Golden Idol"],"max_hp_gain":0,"max_hp_loss":7,"event_name":"Golden Idol","floor":10,"gold_loss":0},{"damage_healed":0,"gold_gain":0,"player_choice":"Ignored","damage_taken":0,"max_hp_gain":0,"max_hp_loss":0,"event_name":"Beggar","floor":20,"gold_loss":0},{"damage_healed":0,"gold_gain":0,"player_choice":"Became a Ghost","damage_taken":0,"max_hp_gain":0,"max_hp_loss":36,"event_name":"Ghosts","floor":28,"gold_loss":0,"cards_obtained":["Ghostly","Ghostly","Ghostly"]},{"cards_removed":["Ball Lightning"],"damage_healed":0,"gold_gain":0,"player_choice":"Removed Attack","damage_taken":0,"max_hp_gain":0,"max_hp_loss":0,"event_name":"Falling","floor":38,"gold_loss":0},{"cards_removed":["Strike_B"],"damage_healed":0,"gold_gain":0,"player_choice":"Purged","damage_taken":0,"max_hp_gain":0,"max_hp_loss":0,"event_name":"Purifier","floor":45,"gold_loss":0}],"is_beta":true,"boss_relics":[{"not_picked":["Inserter","Eternal Feather"],"picked":"Snecko Eye"},{"not_picked":["Nuclear Battery","Coffee Dripper"],"picked":"Sozu"}],"items_purged_floors":[36,54],"is_endless":false,"potions_floor_spawned":[7,16,18,29,30,33,41,44,48],"ascension_level":20}