{"gold_per_floor":[15,15,25,25,37,68,68,100,127,15,43,43,119,138,138,216,216,229,242,3,3,3,3,29,29,56,69,86,115,115,15,15,92,92,110,127,227,227,227,240,240,265,314,349,349,382,97,97,97,97,97,97,97,44,74,74],"floor_reached":57,"playtime":4245,"items_purged":["Defend_G","Strike_G"],"score":2834,"play_id":"fca80ba4-b41d-4c8b-86ad-09fda7dfbb20","local_time":"20190201142731","is_ascension_mode":true,"campfire_choices":[{"floor":7,"key":"REST"},{"data":"Deadly Poison","floor":12,"key":"SMITH"},{"data":"Predator","floor":15,"key":"SMITH"},{"data":"Crippling Poison","floor":23,"key":"SMITH"},{"floor":25,"key":"REST"},{"data":"Crippling Poison","floor":30,"key":"SMITH"},{"floor":32,"key":"REST"},{"data":"Envenom","floor":41,"key":"SMITH"},{"floor":45,"key":"RECALL"},{"floor":49,"key":"REST"},{"floor":53,"key":"REST"}],"neow_cost":"NO_GOLD","seed_source_timestamp":271618333563024,"circlet_count":0,"master_deck":["AscendersBane","Defend_G","Defend_G","Defend_G","Defend_G","Strike_G+1","Survivor+1","Neutralize+1","Deadly Poison+1","Predator+1","Cloak And Dagger+1","Escape Plan","PiercingWail","Glass Knife+1","Catalyst+1","Heel Hook+1","Concentrate+1","Backflip+1","Quick Slash+1","Crippling Poison+1","Crippling Poison+1","Crippling Poison","Escape Plan","Adrenaline","Envenom+1","Backflip+1","Acrobatics","Bouncing Flask"],"relics":["Ring of the Snake","Calipers","Vajra","Bag of Marbles","War Paint","Boot","Pear","Astrolabe","Snake Skull","Oddly Smooth Stone","Whetstone","FossilizedHelix","Philosopher\u0027s Stone","StoneCalendar","Pen Nib","Juzu Bracelet","Bronze Scales","Paper Crane","Pocketwatch"],"potions_floor_usage":[6,8,14,24,29,51,55,56],"damage_taken":[{"damage":0,"enemies":"2 Louse","floor":1,"turns":3},{"damage":2,"enemies":"Small Slimes","floor":3,"turns":4},{"damage":0,"enemies":"Jaw Worm","floor":5,"turns":4},{"damage":17,"enemies":"Gremlin Nob","floor":6,"turns":4},{"damage":12,"enemies":"3 Sentries","floor":8,"turns":9},{"damage":2,"enemies":"Gremlin Nob","floor":11,"turns":3},{"damage":2,"enemies":"Large Slime","floor":14,"turns":4},{"damage":7,"enemies":"The Guardian","floor":16,"turns":13},{"damage":4,"enemies":"Chosen","floor":18,"turns":3},{"damage":14,"enemies":"Spheric Guardian","floor":19,"turns":4},{"damage":8,"enemies":"Gremlin Leader","floor":24,"turns":4},{"damage":1,"enemies":"Snecko","floor":27,"turns":3},{"damage":0,"enemies":"Chosen and Byrds","floor":28,"turns":3},{"damage":12,"enemies":"Slavers","floor":29,"turns":5},{"damage":32,"enemies":"Automaton","floor":33,"turns":7},{"damage":0,"enemies":"3 Shapes","floor":35,"turns":5},{"damage":0,"enemies":"3 Darklings","floor":36,"turns":3},{"damage":0,"enemies":"Mind Bloom Boss Battle","floor":37,"turns":4},{"damage":0,"enemies":"Transient","floor":40,"turns":6},{"damage":0,"enemies":"Giant Head","floor":42,"turns":6},{"damage":0,"enemies":"Nemesis","floor":44,"turns":5},{"damage":17,"enemies":"Reptomancer","floor":46,"turns":5},{"damage":10,"enemies":"Awakened One","floor":50,"turns":17},{"damage":59,"enemies":"Time Eater","floor":51,"turns":10},{"damage":35,"enemies":"Shield and Spear","floor":55,"turns":6},{"damage":35,"enemies":"The Heart","floor":56,"turns":8}],"seed_played":"-4821065013943817780","potions_obtained":[{"floor":3,"key":"EssenceOfSteel"},{"floor":6,"key":"Fire Potion"},{"floor":19,"key":"Explosive Potion"},{"floor":27,"key":"Ancient Potion"},{"floor":33,"key":"Poison Potion"},{"floor":44,"key":"PowerPotion"}],"is_trial":false,"path_per_floor":["M","?","M","?","M","E","R","E","T","$","E","R","T","M","R","B",null,"M","M","$","?","?","R","E","R","T","M","M","E","R","$","R","B",null,"M","M","?","?","?","M","R","E","T","E","R","E","$","?","R","B","B",null,"R","$","E","B",null],"character_chosen":"THE_SILENT","items_purchased":["Block Potion","Explosive Potion","Snake Skull","Paper Crane","Dexterity Potion"],"campfire_rested":5,"item_purchase_floors":[10,10,20,47,54],"current_hp_per_floor":[59,59,57,37,37,20,39,27,27,27,25,25,35,33,33,26,64,60,46,46,46,46,46,38,60,60,59,59,47,47,47,69,37,66,66,66,66,66,66,66,66,66,66,66,66,49,49,49,70,60,1,54,72,72,37,2],"gold":74,"neow_bonus":"ONE_RARE_RELIC","is_prod":false,"is_daily":false,"chose_seed":false,"campfire_upgraded":5,"win_rate":0,"timestamp":1549060051,"path_taken":["M","?","M","?","M","E","R","E","T","$","E","R","?","M","R","BOSS","M","M","$","?","?","R","E","R","T","M","M","E","R","$","R","BOSS","M","M","?","?","?","M","R","E","T","E","R","E","?","?","R","BOSS","BOSS","R","$","E","BOSS"],"build_version":"2019-01-23","purchased_purges":2,"victory":true,"max_hp_per_floor":[66,66,66,66,66,66,66,66,66,66,66,66,76,76,76,76,76,76,76,76,76,76,76,76,76,76,76,76,76,76,76,76,76,76,76,76,76,76,72,72,72,72,72,72,72,72,72,72,72,72,72,72,72,72,72,72],"card_choices":[{"not_picked":["Prepared","Underhanded Strike","Backflip"],"picked":"SKIP","floor":1},{"not_picked":["Quick Slash","Reflex"],"picked":"Deadly Poison","floor":3},{"not_picked":["Concentrate","Bane"],"picked":"Quick Slash","floor":5},{"not_picked":["Escape Plan","Bane"],"picked":"Predator","floor":6},{"not_picked":["Reflex","Blur"],"picked":"Cloak And Dagger","floor":8},{"not_picked":["Accuracy","Tactician"],"picked":"Escape Plan","floor":11},{"not_picked":["Poisoned Stab","Skewer"],"picked":"PiercingWail","floor":14},{"not_picked":["Grand Finale","Venomology"],"picked":"Glass Knife","floor":16},{"not_picked":["Dagger Throw","Escape Plan"],"picked":"Backflip+1","floor":18},{"not_picked":["Blade Dance","Cloak And Dagger"],"picked":"Quick Slash+1","floor":19},{"not_picked":["Cloak And Dagger","Slice"],"picked":"Crippling Poison","floor":24},{"not_picked":["Glass Knife","Deflect"],"picked":"Crippling Poison","floor":27},{"not_picked":["Acrobatics","Underhanded Strike","Dagger Throw"],"picked":"SKIP","floor":28},{"not_picked":["Blade Dance","Calculated Gamble"],"picked":"Escape Plan","floor":29},{"not_picked":["Storm of Steel","After Image"],"picked":"Adrenaline","floor":33},{"not_picked":["Flying Knee","Sucker Punch","Predator"],"picked":"SKIP","floor":35},{"not_picked":["Deadly Poison","Flying Knee","Choke"],"picked":"SKIP","floor":36},{"not_picked":["Infinite Blades","Acrobatics+1"],"picked":"Envenom","floor":37},{"not_picked":["Bane","Noxious Fumes+1"],"picked":"Backflip+1","floor":40},{"not_picked":["Slice","Deflect+1"],"picked":"Acrobatics","floor":42},{"not_picked":["Phantasmal Killer","Bane"],"picked":"Bouncing Flask","floor":44},{"not_picked":["Outmaneuver","Dagger Throw","Deadly Poison"],"picked":"SKIP","floor":46},{"not_picked":["Backstab+1","Outmaneuver","Prepared"],"picked":"SKIP","floor":55}],"player_experience":4628143,"relics_obtained":[{"floor":6,"key":"Vajra"},{"floor":8,"key":"Bag of Marbles"},{"floor":9,"key":"War Paint"},{"floor":11,"key":"Boot"},{"floor":13,"key":"Pear"},{"floor":24,"key":"Oddly Smooth Stone"},{"floor":26,"key":"Whetstone"},{"floor":29,"key":"FossilizedHelix"},{"floor":37,"key":"StoneCalendar"},{"floor":42,"key":"Pen Nib"},{"floor":44,"key":"Juzu Bracelet"},{"floor":46,"key":"Bronze Scales"},{"floor":55,"key":"Pocketwatch"}],"event_choices":[{"damage_healed":0,"gold_gain":0,"player_choice":"Ignored","damage_taken":0,"max_hp_gain":0,"max_hp_loss":0,"event_name":"Liars Game","floor":2,"gold_loss":0},{"damage_healed":0,"gold_gain":0,"player_choice":"Entered Light","damage_taken":20,"max_hp_gain":0,"max_hp_loss":0,"event_name":"Shining Light","floor":4,"gold_loss":0,"cards_upgraded":["Neutralize","Strike_G"]},{"damage_healed":0,"gold_gain":0,"player_choice":"Read","damage_taken":0,"max_hp_gain":0,"max_hp_loss":0,"event_name":"The Library","floor":22,"gold_loss":0,"cards_obtained":["Crippling Poison"]},{"damage_healed":0,"gold_gain":0,"player_choice":"Fight","damage_taken":0,"max_hp_gain":0,"max_hp_loss":0,"event_name":"MindBloom","floor":37,"gold_loss":0},{"damage_healed":0,"gold_gain":0,"player_choice":"Ignored","damage_taken":0,"max_hp_gain":0,"max_hp_loss":0,"event_name":"Tomb of Lord Red Mask","floor":38,"gold_loss":0},{"damage_healed":0,"gold_gain":0,"player_choice":"Max HP","damage_taken":0,"max_hp_gain":0,"max_hp_loss":4,"event_name":"Winding Halls","floor":39,"gold_loss":0},{"cards_removed":["Quick Slash"],"damage_healed":0,"gold_gain":0,"player_choice":"Removed Attack","damage_taken":0,"max_hp_gain":0,"max_hp_loss":0,"event_name":"Falling","floor":48,"gold_loss":0}],"is_beta":true,"boss_relics":[{"not_picked":["Lizard Tail","Eternal Feather"],"picked":"Astrolabe"},{"not_picked":["White Beast Statue","Pandora\u0027s Box"],"picked":"Philosopher\u0027s Stone"}],"items_purged_floors":[20,31],"is_endless":false,"potions_floor_spawned":[3,6,11,19,27,33,37,44,46],"ascension_level":20}