{"gold_per_floor":[109,184,196,25,25,54,54,74,74,19,19,46,65,81,81,158,158,171,121,21,41,51,51,51,78,78,35,35,51,51,78,78,151,151,161,36,136,136,156,156,98,110,185,185],"floor_reached":44,"playtime":2922,"items_purged":["Strike_G","Strike_G","Strike_G"],"score":958,"play_id":"132a7fcc-3e40-4356-a71d-07be5f4bfa8b","local_time":"20190204162053","is_ascension_mode":true,"campfire_choices":[{"floor":7,"key":"REST"},{"data":"Noxious Fumes","floor":11,"key":"SMITH"},{"floor":15,"key":"REST"},{"floor":23,"key":"REST"},{"floor":28,"key":"REST"},{"data":"Noxious Fumes","floor":30,"key":"SMITH"},{"floor":32,"key":"REST"},{"floor":40,"key":"REST"}],"neow_cost":"NONE","seed_source_timestamp":538993513429933,"circlet_count":0,"master_deck":["AscendersBane","Defend_G","Defend_G","Defend_G","Defend_G","Defend_G","Strike_G","Strike_G","Survivor","Neutralize+1","Dagger Throw","Noxious Fumes+1","Predator","Acrobatics+1","Deflect+1","Catalyst+1","Bullet Time+1","Acrobatics+1","PiercingWail+1","Noxious Fumes+1","Deadly Poison+1","Escape Plan+1","Well Laid Plans+1","Night Terror+1","Blur+1","Deadly Poison+1","Dodge and Roll+1","Flechettes+1"],"relics":["Ring of the Snake","Toxic Egg 2","Bag of Marbles","Incense Burner","Velvet Choker","Dream Catcher","Thread and Needle","Mercury Hourglass","WristBlade","Bird Faced Urn"],"potions_floor_usage":[6,16,25,31,44],"damage_taken":[{"damage":5,"enemies":"Small Slimes","floor":1,"turns":4},{"damage":9,"enemies":"Jaw Worm","floor":3,"turns":7},{"damage":22,"enemies":"Lagavulin","floor":6,"turns":10},{"damage":0,"enemies":"Cultist","floor":8,"turns":3},{"damage":11,"enemies":"3 Sentries","floor":12,"turns":7},{"damage":1,"enemies":"3 Louse","floor":13,"turns":3},{"damage":1,"enemies":"2 Fungi Beasts","floor":14,"turns":6},{"damage":32,"enemies":"Slime Boss","floor":16,"turns":10},{"damage":10,"enemies":"2 Thieves","floor":18,"turns":5},{"damage":1,"enemies":"Shell Parasite","floor":21,"turns":6},{"damage":16,"enemies":"Snake Plant","floor":22,"turns":7},{"damage":11,"enemies":"Book of Stabbing","floor":25,"turns":7},{"damage":3,"enemies":"Snecko","floor":29,"turns":5},{"damage":15,"enemies":"Gremlin Leader","floor":31,"turns":5},{"damage":3,"enemies":"Automaton","floor":33,"turns":8},{"damage":0,"enemies":"3 Shapes","floor":35,"turns":5},{"damage":0,"enemies":"Mind Bloom Boss Battle","floor":37,"turns":5},{"damage":0,"enemies":"Orb Walker","floor":39,"turns":4},{"damage":0,"enemies":"Spire Growth","floor":42,"turns":2},{"damage":82,"enemies":"Reptomancer","floor":44,"turns":7}],"seed_played":"4503894984078805189","potions_obtained":[{"floor":8,"key":"FearPotion"},{"floor":22,"key":"Block Potion"},{"floor":25,"key":"AttackPotion"},{"floor":33,"key":"PowerPotion"},{"floor":37,"key":"LiquidBronze"}],"is_trial":false,"path_per_floor":["M","?","M","$","?","E","R","M","T","$","R","E","M","M","R","B",null,"M","?","$","M","M","R","?","E","T","$","R","M","R","E","R","B",null,"M","$","?","?","M","R","$","M","T","E"],"character_chosen":"THE_SILENT","items_purchased":["Noxious Fumes","Fire Potion","Fire Potion","Noxious Fumes","Dodge and Roll+1"],"campfire_rested":6,"item_purchase_floors":[4,4,10,27,41],"current_hp_per_floor":[54,43,34,34,34,12,31,31,31,31,31,20,19,18,37,5,51,41,41,41,40,24,43,43,32,32,32,51,48,48,33,52,49,62,62,62,62,58,64,66,66,66,66,0],"gold":185,"neow_bonus":"UPGRADE_CARD","is_prod":false,"is_daily":false,"chose_seed":false,"campfire_upgraded":2,"win_rate":0,"timestamp":1549326053,"path_taken":["M","?","M","$","?","E","R","M","T","$","R","E","M","M","R","BOSS","M","?","?","M","M","R","?","E","T","$","R","M","R","E","R","BOSS","M","$","?","?","?","R","?","M","T","E"],"build_version":"2019-01-23","purchased_purges":3,"victory":false,"max_hp_per_floor":[66,66,66,66,66,66,66,66,66,66,66,66,66,66,66,66,66,66,66,66,66,66,66,66,66,66,66,66,66,66,66,66,66,66,66,66,66,66,66,66,66,66,66,66],"card_choices":[{"not_picked":["Deflect","Outmaneuver","Choke"],"picked":"SKIP","floor":1},{"not_picked":["Dodge and Roll","Backflip"],"picked":"Dagger Throw","floor":3},{"not_picked":["Reflex","Flechettes"],"picked":"Predator","floor":6},{"not_picked":["Poisoned Stab","Outmaneuver+1"],"picked":"Acrobatics+1","floor":8},{"not_picked":["A Thousand Cuts","Heel Hook"],"picked":"Deflect+1","floor":12},{"not_picked":["Riddle With Holes","Dagger Throw","Dagger Spray"],"picked":"SKIP","floor":13},{"not_picked":["Riddle With Holes","Poisoned Stab"],"picked":"Catalyst+1","floor":14},{"not_picked":["Envenom","A Thousand Cuts"],"picked":"Bullet Time+1","floor":16},{"not_picked":["Dagger Throw","Slice","Sucker Punch"],"picked":"SKIP","floor":18},{"not_picked":["Cloak And Dagger+1","Tools of the Trade"],"picked":"Acrobatics+1","floor":21},{"not_picked":["Reflex+1","Quick Slash+1"],"picked":"PiercingWail+1","floor":22},{"not_picked":["Expertise+1","Distraction+1","Underhanded Strike+1"],"picked":"SKIP","floor":25},{"not_picked":["Cloak And Dagger+1","Sucker Punch+1"],"picked":"Deadly Poison+1","floor":28},{"not_picked":["Eviscerate","Bane"],"picked":"Escape Plan+1","floor":29},{"not_picked":["Die Die Die","Flying Knee","Grand Finale"],"picked":"SKIP","floor":31},{"not_picked":["Bane","Flechettes"],"picked":"Well Laid Plans+1","floor":32},{"not_picked":["Venomology+1","Die Die Die"],"picked":"Night Terror+1","floor":33},{"not_picked":["Prepared+1","Terror+1","Dash"],"picked":"SKIP","floor":35},{"not_picked":["Bane","Acrobatics+1"],"picked":"Blur+1","floor":37},{"not_picked":["Reflex+1","Acrobatics+1"],"picked":"Deadly Poison+1","floor":39},{"not_picked":["Flying Knee+1","Prepared+1"],"picked":"Flechettes+1","floor":42}],"player_experience":4672210,"relics_obtained":[{"floor":6,"key":"Toxic Egg 2"},{"floor":9,"key":"Bag of Marbles"},{"floor":12,"key":"Incense Burner"},{"floor":25,"key":"Dream Catcher"},{"floor":26,"key":"Thread and Needle"},{"floor":31,"key":"Mercury Hourglass"},{"floor":37,"key":"Bird Faced Urn"}],"event_choices":[{"damage_healed":0,"gold_gain":75,"player_choice":"Gather Gold","damage_taken":11,"max_hp_gain":0,"max_hp_loss":0,"event_name":"World of Goop","floor":2,"gold_loss":0},{"damage_healed":0,"gold_gain":0,"player_choice":"Ignored","damage_taken":0,"max_hp_gain":0,"max_hp_loss":0,"event_name":"Shining Light","floor":5,"gold_loss":0},{"damage_healed":0,"gold_gain":0,"player_choice":"Bet on Owner","damage_taken":0,"max_hp_gain":0,"max_hp_loss":0,"event_name":"The Joust","floor":19,"gold_loss":50},{"damage_healed":0,"gold_gain":0,"player_choice":"Ignored","damage_taken":0,"max_hp_gain":0,"max_hp_loss":0,"event_name":"Vampires","floor":24,"gold_loss":0},{"damage_healed":0,"gold_gain":0,"player_choice":"Fight","damage_taken":0,"max_hp_gain":0,"max_hp_loss":0,"event_name":"MindBloom","floor":37,"gold_loss":0},{"damage_healed":0,"gold_gain":0,"player_choice":"Bought 0 Potions","damage_taken":0,"max_hp_gain":0,"max_hp_loss":0,"event_name":"The Woman in Blue","floor":38,"gold_loss":0}],"is_beta":true,"boss_relics":[{"not_picked":["Eternal Feather","Calling Bell"],"picked":"Velvet Choker"},{"not_picked":["Coffee Dripper","Busted Crown"],"picked":"WristBlade"}],"items_purged_floors":[4,20,36],"is_endless":false,"potions_floor_spawned":[8,12,13,14,22,25,33,35,37,42],"killed_by":"Reptomancer","ascension_level":20}