{"gold_per_floor":[218,231,244,244,24,24,24,39,84,111,129,161,176,202,202,274,274,287,20,39,58,108,133,133,47,47,47,78,78,95,127,127,204,204,219,236,250,525,168,231,231,101,124,140,165,175,208,220,220,220,220,220,220,42,77,77],"floor_reached":57,"playtime":5796,"items_purged":["Strike_B","Strike_B","Regret","Strike_B"],"score":2944,"play_id":"5e42bc21-0a19-4d09-93d2-0bbf8415ba8b","local_time":"20190203154825","is_ascension_mode":true,"campfire_choices":[{"data":"Static Discharge","floor":6,"key":"SMITH"},{"data":"Consume","floor":15,"key":"SMITH"},{"data":"Apotheosis","floor":24,"key":"SMITH"},{"data":"Seek","floor":27,"key":"SMITH"},{"data":"Defragment","floor":29,"key":"SMITH"},{"floor":32,"key":"REST"},{"data":"Seek","floor":41,"key":"SMITH"},{"floor":49,"key":"RECALL"},{"data":"Coolheaded","floor":53,"key":"SMITH"}],"neow_cost":"NONE","seed_source_timestamp":447678872041682,"circlet_count":0,"master_deck":["AscendersBane","Strike_B","Defend_B","Defend_B","Defend_B","Zap","Dualcast","Static Discharge+1","Ball Lightning","Glacier","Self Repair","Cold Snap","Sweeping Beam","Seek+1","Glacier","Genetic Algorithm","Consume+1","Core Surge","Compile Driver","Apotheosis+1","Genetic Algorithm","Chill","Defragment+1","Defragment+1","Seek+1","Genetic Algorithm","Hologram+1","Coolheaded+1","Doom and Gloom","Glacier","Capacitor+1","Amplify","Cold Snap+1","Coolheaded","Echo Form"],"relics":["Cracked Core","Bronze Scales","Orichalcum","Smiling Mask","Boot","Nuclear Battery","Ice Cream","Gremlin Horn","Potion Belt","Unceasing Top","Snecko Eye","OrangePellets","Tiny Chest","Dream Catcher","Meat on the Bone","DataDisk"],"potions_floor_usage":[12,12,18,23,31,33,56,56,56,56],"damage_taken":[{"damage":3,"enemies":"Small Slimes","floor":1,"turns":3},{"damage":0,"enemies":"Cultist","floor":2,"turns":3},{"damage":3,"enemies":"2 Louse","floor":3,"turns":3},{"damage":16,"enemies":"Exordium Thugs","floor":8,"turns":4},{"damage":18,"enemies":"3 Sentries","floor":10,"turns":5},{"damage":9,"enemies":"Gremlin Gang","floor":11,"turns":4},{"damage":8,"enemies":"Gremlin Nob","floor":12,"turns":5},{"damage":2,"enemies":"2 Fungi Beasts","floor":13,"turns":4},{"damage":9,"enemies":"3 Sentries","floor":14,"turns":6},{"damage":11,"enemies":"Hexaghost","floor":16,"turns":8},{"damage":15,"enemies":"2 Thieves","floor":18,"turns":4},{"damage":0,"enemies":"3 Byrds","floor":20,"turns":3},{"damage":5,"enemies":"Snake Plant","floor":21,"turns":5},{"damage":21,"enemies":"Slavers","floor":23,"turns":3},{"damage":8,"enemies":"Gremlin Leader","floor":28,"turns":6},{"damage":8,"enemies":"Centurion and Healer","floor":30,"turns":7},{"damage":3,"enemies":"Book of Stabbing","floor":31,"turns":6},{"damage":18,"enemies":"Automaton","floor":33,"turns":11},{"damage":7,"enemies":"3 Darklings","floor":35,"turns":7},{"damage":1,"enemies":"Orb Walker","floor":36,"turns":4},{"damage":1,"enemies":"Sphere and 2 Shapes","floor":37,"turns":6},{"damage":0,"enemies":"Reptomancer","floor":40,"turns":6},{"damage":0,"enemies":"3 Darklings","floor":44,"turns":5},{"damage":0,"enemies":"Nemesis","floor":45,"turns":13},{"damage":0,"enemies":"Writhing Mass","floor":46,"turns":7},{"damage":4,"enemies":"Giant Head","floor":47,"turns":12},{"damage":0,"enemies":"Maw","floor":48,"turns":9},{"damage":15,"enemies":"Awakened One","floor":50,"turns":20},{"damage":8,"enemies":"Donu and Deca","floor":51,"turns":15},{"damage":2,"enemies":"Shield and Spear","floor":55,"turns":9},{"damage":29,"enemies":"The Heart","floor":56,"turns":10}],"seed_played":"3772093677223684840","potions_obtained":[{"floor":1,"key":"Poison Potion"},{"floor":8,"key":"Weak Potion"},{"floor":10,"key":"FocusPotion"},{"floor":13,"key":"SkillPotion"},{"floor":16,"key":"FearPotion"},{"floor":21,"key":"SteroidPotion"},{"floor":28,"key":"EssenceOfSteel"},{"floor":31,"key":"SpeedPotion"},{"floor":33,"key":"FearPotion"},{"floor":35,"key":"GamblersBrew"},{"floor":44,"key":"SpeedPotion"},{"floor":46,"key":"SpeedPotion"}],"is_trial":false,"path_per_floor":["M","M","M","?","$","R","?","M","T","E","M","E","M","E","R","B",null,"M","$","M","M","?","E","R","$","T","R","E","R","M","E","R","B",null,"M","M","M","?","$","E","R","$","T","M","E","M","E","M","R","B","B",null,"R","$","E","B",null],"character_chosen":"DEFECT","items_purchased":["Self Repair","Cold Snap","Apotheosis","Defragment","OrangePellets","FocusPotion","Glacier","Echo Form"],"campfire_rested":1,"item_purchase_floors":[5,5,19,25,39,39,42,54],"current_hp_per_floor":[61,61,58,63,63,63,63,54,54,43,41,40,45,43,43,39,67,52,52,59,64,64,43,43,43,43,43,45,45,44,51,73,65,73,76,76,76,76,76,76,76,76,76,76,76,76,76,76,76,76,76,76,76,76,76,47],"gold":77,"neow_bonus":"HUNDRED_GOLD","is_prod":false,"is_daily":false,"chose_seed":false,"campfire_upgraded":7,"win_rate":0,"timestamp":1549237705,"path_taken":["M","M","M","?","$","R","?","?","T","E","M","E","M","E","R","BOSS","M","$","M","M","?","E","R","$","T","R","E","R","M","E","R","BOSS","M","M","M","?","$","E","R","?","T","M","E","M","E","?","R","BOSS","BOSS","R","$","E","BOSS"],"build_version":"2019-01-23","purchased_purges":4,"victory":true,"max_hp_per_floor":[71,71,71,76,76,76,76,76,76,76,76,76,76,76,76,76,76,76,76,76,76,76,76,76,76,76,76,76,76,76,76,76,76,76,76,76,76,76,76,76,76,76,76,76,76,76,76,76,76,76,76,76,76,76,76,76],"card_choices":[{"not_picked":["Coolheaded","Leap"],"picked":"Static Discharge","floor":1},{"not_picked":["Undo","Stack"],"picked":"Ball Lightning","floor":2},{"not_picked":["Beam Cell","Darkness"],"picked":"Glacier","floor":3},{"not_picked":["Scrape","Darkness"],"picked":"Sweeping Beam","floor":8},{"not_picked":["Darkness","Hologram"],"picked":"Seek","floor":10},{"not_picked":["Hologram","Coolheaded"],"picked":"Glacier","floor":11},{"not_picked":["Multi-Cast","Rebound","Steam"],"picked":"SKIP","floor":12},{"not_picked":["Hologram","Barrage"],"picked":"Genetic Algorithm","floor":13},{"not_picked":["Hyperbeam","Sweeping Beam"],"picked":"Consume","floor":14},{"not_picked":["Reboot","Hyperbeam"],"picked":"Core Surge","floor":16},{"not_picked":["Double Energy","Chaos"],"picked":"Compile Driver","floor":18},{"not_picked":["Loop","Rebound"],"picked":"Genetic Algorithm","floor":20},{"not_picked":["Sweeping Beam","Barrage","Leap"],"picked":"SKIP","floor":21},{"not_picked":["Reboot","Compile Driver"],"picked":"Chill","floor":23},{"not_picked":["Go for the Eyes","Leap","Redo"],"picked":"SKIP","floor":28},{"not_picked":["Redo","BootSequence"],"picked":"Defragment+1","floor":30},{"not_picked":["Compile Driver","Go for the Eyes+1","Streamline+1"],"picked":"SKIP","floor":31},{"not_picked":["All For One","Reboot"],"picked":"Seek","floor":33},{"not_picked":["Steam","Barrage"],"picked":"Genetic Algorithm","floor":35},{"not_picked":["Sweeping Beam","Redo"],"picked":"Hologram+1","floor":36},{"not_picked":["Melter+1","Leap+1"],"picked":"Coolheaded","floor":37},{"not_picked":["Beam Cell","Streamline"],"picked":"Doom and Gloom","floor":40},{"not_picked":["Ball Lightning","Coolheaded+1"],"picked":"Capacitor+1","floor":44},{"not_picked":["Sweeping Beam","Steam Power"],"picked":"Amplify","floor":45},{"not_picked":["Tempest","Steam"],"picked":"Cold Snap+1","floor":46},{"not_picked":["Aggregate","Lockon"],"picked":"Coolheaded","floor":47},{"not_picked":["Consume","Gash","Rebound+1"],"picked":"SKIP","floor":48},{"not_picked":["Hello World","Go for the Eyes+1","Heatsinks"],"picked":"SKIP","floor":55}],"player_experience":4655811,"relics_obtained":[{"floor":9,"key":"Bronze Scales"},{"floor":10,"key":"Orichalcum"},{"floor":12,"key":"Smiling Mask"},{"floor":14,"key":"Boot"},{"floor":23,"key":"Ice Cream"},{"floor":26,"key":"Gremlin Horn"},{"floor":28,"key":"Potion Belt"},{"floor":31,"key":"Unceasing Top"},{"floor":40,"key":"Tiny Chest"},{"floor":45,"key":"Dream Catcher"},{"floor":47,"key":"Meat on the Bone"},{"floor":55,"key":"DataDisk"}],"event_choices":[{"damage_healed":0,"gold_gain":0,"player_choice":"Donut","damage_taken":0,"max_hp_gain":5,"max_hp_loss":0,"event_name":"Big Fish","floor":4,"gold_loss":0},{"cards_removed":["Defend_B"],"damage_healed":0,"gold_gain":0,"player_choice":"Card Removal","damage_taken":0,"max_hp_gain":0,"max_hp_loss":0,"event_name":"Wheel of Change","floor":7,"gold_loss":0},{"damage_healed":0,"gold_gain":50,"player_choice":"Stole From Cult","damage_taken":0,"max_hp_gain":0,"max_hp_loss":0,"event_name":"Nest","floor":22,"gold_loss":0},{"damage_healed":0,"gold_gain":275,"player_choice":"Desecrate","damage_taken":0,"max_hp_gain":0,"max_hp_loss":0,"event_name":"Golden Shrine","floor":38,"gold_loss":0,"cards_obtained":["Regret"]}],"is_beta":true,"boss_relics":[{"not_picked":["Coffee Dripper","Philosopher\u0027s Stone"],"picked":"Nuclear Battery"},{"not_picked":["FrozenCore","Astrolabe"],"picked":"Snecko Eye"}],"items_purged_floors":[5,19,39,42],"is_endless":false,"potions_floor_spawned":[1,8,10,13,16,21,28,31,33,35,44,46,48,55],"ascension_level":20}