{"gold_per_floor":[148,167,37,37,57,86,86,97,123,123,148,159,159,174,174,269,269,288,288,288,312,202,202,243,243,243,243,5,5,49,64,64,155,155,180,203,31,31,89,89,124,124,173,206,222,222,253,253,253,253,253,253,253,5,36,36],"floor_reached":57,"playtime":5243,"items_purged":["Strike_B"],"score":2968,"play_id":"37097f6d-25b5-4583-b08e-2fc227b92276","local_time":"20190207145238","is_ascension_mode":true,"campfire_choices":[{"data":"Zap","floor":7,"key":"SMITH"},{"floor":10,"key":"REST"},{"data":"Sunder","floor":15,"key":"SMITH"},{"data":"Ghostly","floor":23,"key":"SMITH"},{"data":"Ghostly","floor":25,"key":"SMITH"},{"data":"Ghostly","floor":27,"key":"SMITH"},{"data":"Loop","floor":29,"key":"SMITH"},{"data":"Hologram","floor":32,"key":"SMITH"},{"data":"Discovery","floor":40,"key":"SMITH"},{"floor":42,"key":"RECALL"},{"data":"Rainbow","floor":49,"key":"SMITH"},{"data":"Glacier","floor":53,"key":"SMITH"}],"neow_cost":"NONE","seed_source_timestamp":57591835005163,"circlet_count":0,"master_deck":["AscendersBane","Strike_B","Defend_B","Defend_B","Defend_B","Defend_B","Zap+1","Dualcast","Cold Snap","Sweeping Beam","White Noise","Echo Form","Glacier+1","Sunder+1","Leap","Coolheaded","Core Surge","Self Repair+1","Ghostly+1","Ghostly+1","Ghostly+1","Consume+1","Loop+1","Hologram+1","Reinforced Body","Rainbow+1","Coolheaded+1","Discovery+1","Master of Strategy","Coolheaded","Capacitor","Echo Form"],"relics":["Cracked Core","Tiny Chest","Bronze Scales","Art of War","Anchor","Golden Idol","Snecko Eye","Enchiridion","Bottled Tornado","Centennial Puzzle","Ancient Tea Set","Nuclear Battery","DataDisk","StoneCalendar","PreservedInsect","Bag of Preparation","Happy Flower","Bag of Marbles","Pocketwatch","Oddly Smooth Stone","Du-Vu Doll"],"potions_floor_usage":[6,16,56,56],"damage_taken":[{"damage":4,"enemies":"Jaw Worm","floor":1,"turns":4},{"damage":2,"enemies":"2 Louse","floor":2,"turns":2},{"damage":0,"enemies":"Cultist","floor":5,"turns":4},{"damage":31,"enemies":"Lagavulin","floor":6,"turns":9},{"damage":0,"enemies":"2 Fungi Beasts","floor":8,"turns":3},{"damage":10,"enemies":"3 Sentries","floor":11,"turns":7},{"damage":0,"enemies":"Large Slime","floor":12,"turns":4},{"damage":0,"enemies":"3 Louse","floor":14,"turns":3},{"damage":21,"enemies":"Slime Boss","floor":16,"turns":11},{"damage":16,"enemies":"2 Thieves","floor":18,"turns":4},{"damage":1,"enemies":"Shell Parasite","floor":21,"turns":5},{"damage":8,"enemies":"Book of Stabbing","floor":24,"turns":5},{"damage":0,"enemies":"Gremlin Leader","floor":30,"turns":5},{"damage":0,"enemies":"Chosen and Byrds","floor":31,"turns":3},{"damage":0,"enemies":"Champ","floor":33,"turns":12},{"damage":0,"enemies":"Orb Walker","floor":35,"turns":3},{"damage":1,"enemies":"3 Shapes","floor":36,"turns":4},{"damage":0,"enemies":"2 Orb Walkers","floor":39,"turns":5},{"damage":0,"enemies":"Giant Head","floor":41,"turns":9},{"damage":9,"enemies":"Reptomancer","floor":44,"turns":5},{"damage":0,"enemies":"3 Darklings","floor":45,"turns":2},{"damage":0,"enemies":"Giant Head","floor":47,"turns":9},{"damage":6,"enemies":"Donu and Deca","floor":50,"turns":10},{"damage":14,"enemies":"Awakened One","floor":51,"turns":18},{"damage":0,"enemies":"Shield and Spear","floor":55,"turns":8},{"damage":17,"enemies":"The Heart","floor":56,"turns":12}],"seed_played":"8938241860750741556","potions_obtained":[{"floor":2,"key":"Swift Potion"},{"floor":8,"key":"Explosive Potion"},{"floor":14,"key":"FearPotion"},{"floor":30,"key":"Ancient Potion"},{"floor":33,"key":"SkillPotion"},{"floor":41,"key":"SpeedPotion"}],"is_trial":false,"path_per_floor":["M","M","$","?","M","E","R","M","T","R","E","M","?","M","R","B",null,"M","?","?","M","?","R","E","R","T","R","$","R","E","M","R","B",null,"M","M","$","?","?","R","E","R","T","E","M","?","E","T","R","B","B",null,"R","$","E","B",null],"character_chosen":"DEFECT","items_purchased":["Strength Potion","Centennial Puzzle","Loop","DataDisk","Capacitor","Oddly Smooth Stone"],"campfire_rested":1,"item_purchase_floors":[3,28,28,37,54,54],"current_hp_per_floor":[60,58,58,51,51,20,20,20,20,41,31,31,31,31,31,10,51,35,32,11,30,30,30,32,32,32,32,32,32,32,32,32,32,32,32,32,32,22,22,22,32,32,32,32,32,30,30,30,30,30,30,30,30,30,30,13],"gold":36,"neow_bonus":"RANDOM_COMMON_RELIC","is_prod":false,"is_daily":false,"chose_seed":false,"campfire_upgraded":10,"win_rate":0,"timestamp":1549579958,"path_taken":["M","M","$","?","M","E","R","M","T","R","E","M","?","M","R","BOSS","M","?","?","M","?","R","E","R","T","R","$","R","E","M","R","BOSS","M","M","$","?","?","R","E","R","T","E","M","?","E","?","R","BOSS","BOSS","R","$","E","BOSS"],"build_version":"2019-02-06","purchased_purges":1,"victory":true,"max_hp_per_floor":[71,71,71,71,71,71,71,71,71,71,71,71,64,64,64,64,64,64,32,32,32,32,32,32,32,32,32,32,32,32,32,32,32,32,32,32,32,32,32,32,32,32,32,32,32,30,30,30,30,30,30,30,30,30,30,30],"card_choices":[{"not_picked":["Conserve Battery","Undo"],"picked":"Cold Snap","floor":1},{"not_picked":["Reprogram","Storm"],"picked":"Sweeping Beam","floor":2},{"not_picked":["Fusion","Hologram"],"picked":"White Noise","floor":5},{"not_picked":["Chill","White Noise"],"picked":"Echo Form","floor":6},{"not_picked":["Steam","Darkness"],"picked":"Glacier","floor":8},{"not_picked":["Hello World","Force Field"],"picked":"Sunder","floor":11},{"not_picked":["Sweeping Beam","Compile Driver"],"picked":"Leap","floor":12},{"not_picked":["Leap","Double Energy"],"picked":"Coolheaded","floor":14},{"not_picked":["Hyperbeam","All For One"],"picked":"Core Surge","floor":16},{"not_picked":["Sweeping Beam","Leap"],"picked":"Self Repair+1","floor":18},{"not_picked":["Steam","Beam Cell"],"picked":"Consume","floor":21},{"not_picked":["Core Surge","Rebound","Beam Cell"],"picked":"SKIP","floor":24},{"not_picked":["Core Surge","Rebound","Beam Cell"],"picked":"SKIP","floor":24},{"not_picked":["Beam Cell","Hello World"],"picked":"Hologram","floor":30},{"not_picked":["Gash","Machine Learning"],"picked":"Reinforced Body","floor":31},{"not_picked":["Seek","Fission"],"picked":"Rainbow","floor":33},{"not_picked":["Compile Driver","Aggregate"],"picked":"Coolheaded+1","floor":35},{"not_picked":["Auto Shields","Reinforced Body","Barrage"],"picked":"SKIP","floor":36},{"not_picked":["Master of Strategy","Swift Strike"],"picked":"Discovery","floor":38},{"not_picked":["Mind Blast","Dramatic Entrance"],"picked":"Master of Strategy","floor":38},{"not_picked":["Redo+1","Sweeping Beam"],"picked":"Coolheaded","floor":41},{"not_picked":["Heatsinks","Sunder","Ball Lightning"],"picked":"SKIP","floor":44},{"not_picked":["Fusion","Compile Driver","Reprogram+1"],"picked":"SKIP","floor":45},{"not_picked":["Hello World","Aggregate+1","Rainbow"],"picked":"SKIP","floor":47},{"not_picked":["Stack","Go for the Eyes+1"],"picked":"Echo Form","floor":55}],"player_experience":4699340,"relics_obtained":[{"floor":6,"key":"Bronze Scales"},{"floor":9,"key":"Art of War"},{"floor":11,"key":"Anchor"},{"floor":20,"key":"Enchiridion"},{"floor":24,"key":"Bottled Tornado"},{"floor":30,"key":"Ancient Tea Set"},{"floor":39,"key":"StoneCalendar"},{"floor":41,"key":"PreservedInsect"},{"floor":43,"key":"Bag of Preparation"},{"floor":44,"key":"Happy Flower"},{"floor":47,"key":"Bag of Marbles"},{"floor":48,"key":"Pocketwatch"},{"floor":55,"key":"Du-Vu Doll"}],"event_choices":[{"cards_removed":["Strike_B"],"damage_healed":0,"gold_gain":0,"player_choice":"Card Removal","damage_taken":7,"max_hp_gain":0,"max_hp_loss":0,"event_name":"Golden Wing","floor":4,"gold_loss":0},{"damage_healed":0,"gold_gain":0,"player_choice":"Lose Max HP","damage_taken":0,"relics_obtained":["Golden Idol"],"max_hp_gain":0,"max_hp_loss":7,"event_name":"Golden Idol","floor":13,"gold_loss":0},{"damage_healed":0,"gold_gain":0,"player_choice":"Became a Ghost","damage_taken":0,"max_hp_gain":0,"max_hp_loss":32,"event_name":"Ghosts","floor":19,"gold_loss":0,"cards_obtained":["Ghostly","Ghostly","Ghostly"]},{"damage_healed":0,"gold_gain":0,"player_choice":"Obtained Book","damage_taken":21,"max_hp_gain":0,"max_hp_loss":0,"event_name":"Cursed Tome","floor":20,"gold_loss":0},{"cards_removed":["Strike_B"],"damage_healed":0,"gold_gain":0,"player_choice":"Upgrade and Remove","damage_taken":0,"max_hp_gain":0,"max_hp_loss":0,"event_name":"Designer","floor":22,"gold_loss":110,"cards_upgraded":["Consume"]},{"damage_healed":0,"gold_gain":0,"player_choice":"Memory 3","damage_taken":10,"max_hp_gain":0,"max_hp_loss":0,"event_name":"SensoryStone","floor":38,"gold_loss":0},{"damage_healed":0,"gold_gain":0,"player_choice":"Fight","damage_taken":0,"max_hp_gain":0,"max_hp_loss":0,"event_name":"Mysterious Sphere","floor":39,"gold_loss":0},{"damage_healed":0,"gold_gain":0,"player_choice":"Max HP","damage_taken":0,"max_hp_gain":0,"max_hp_loss":2,"event_name":"Winding Halls","floor":46,"gold_loss":0}],"is_beta":true,"boss_relics":[{"not_picked":["Tiny House","Coffee Dripper"],"picked":"Snecko Eye"},{"not_picked":["Eternal Feather","Busted Crown"],"picked":"Nuclear Battery"}],"items_purged_floors":[3],"is_endless":false,"potions_floor_spawned":[2,8,12,14,30,33,39,41],"ascension_level":20}