{"gold_per_floor":[369,369,383,10,66,114,114,155,155,207,207,49,127,221,221,300,300,342,257,275,313,313,313,370,370,370,411,452,477,522,556,556,658,658,674,692,708,746,671,671,684,684,736,775,775,402,470,529,529,529],"floor_reached":50,"playtime":4137,"items_purged":["Strike_R"],"score":1262,"play_id":"c85c0c25-a5d2-45cf-ba59-2d02e19abbdb","local_time":"20190204153119","is_ascension_mode":true,"campfire_choices":[{"data":"HandOfGreed","floor":7,"key":"SMITH"},{"data":"Metallicize","floor":15,"key":"SMITH"},{"data":"Immolate","floor":23,"key":"SMITH"},{"floor":25,"key":"REST"},{"data":"Armaments","floor":32,"key":"SMITH"},{"data":"Inflame","floor":40,"key":"SMITH"},{"floor":42,"key":"RECALL"},{"floor":49,"key":"REST"}],"neow_cost":"TEN_PERCENT_HP_LOSS","seed_source_timestamp":534806618533696,"circlet_count":0,"master_deck":["AscendersBane","Strike_R","Strike_R","Defend_R","Defend_R","Defend_R","Defend_R","Bash","Combust","HandOfGreed+1","Headbutt","Juggernaut","Metallicize+1","Immolate+1","Metallicize+1","Armaments+1","Flame Barrier","Limit Break","Corruption","True Grit","Disarm+1","Barricade","Offering","Dark Embrace","Evolve","Evolve","Inflame+1","Inflame","True Grit+1","Feel No Pain","Spot Weakness","Body Slam","Heavy Blade"],"relics":["Burning Blood","Orichalcum","Champion Belt","Mercury Hourglass","Dodecahedron","Oddly Smooth Stone","Turnip","Snecko Eye","Magic Flower","Question Card","Singing Bowl","Prayer Wheel","Pear","Mark of Pain","Smiling Mask","Dream Catcher","Boot"],"potions_floor_usage":[10,13,16,16,47,47],"damage_taken":[{"damage":2,"enemies":"Cultist","floor":1,"turns":4},{"damage":7,"enemies":"Jaw Worm","floor":3,"turns":5},{"damage":1,"enemies":"2 Louse","floor":5,"turns":6},{"damage":20,"enemies":"Gremlin Nob","floor":6,"turns":4},{"damage":18,"enemies":"Red Slaver","floor":8,"turns":5},{"damage":28,"enemies":"Lagavulin","floor":10,"turns":7},{"damage":9,"enemies":"3 Sentries","floor":13,"turns":7},{"damage":8,"enemies":"Lots of Slimes","floor":14,"turns":4},{"damage":24,"enemies":"The Guardian","floor":16,"turns":12},{"damage":17,"enemies":"Shell Parasite","floor":18,"turns":4},{"damage":4,"enemies":"Chosen","floor":20,"turns":5},{"damage":19,"enemies":"Snake Plant","floor":21,"turns":3},{"damage":14,"enemies":"Book of Stabbing","floor":24,"turns":4},{"damage":0,"enemies":"Centurion and Healer","floor":27,"turns":5},{"damage":1,"enemies":"Snecko","floor":28,"turns":5},{"damage":44,"enemies":"Slavers","floor":29,"turns":5},{"damage":10,"enemies":"Snake Plant","floor":30,"turns":4},{"damage":0,"enemies":"Gremlin Leader","floor":31,"turns":5},{"damage":24,"enemies":"Champ","floor":33,"turns":14},{"damage":10,"enemies":"Orb Walker","floor":35,"turns":4},{"damage":30,"enemies":"3 Darklings","floor":36,"turns":6},{"damage":23,"enemies":"Jaw Worm Horde","floor":37,"turns":2},{"damage":6,"enemies":"Maw","floor":38,"turns":7},{"damage":12,"enemies":"Sphere and 2 Shapes","floor":41,"turns":5},{"damage":35,"enemies":"3 Darklings","floor":44,"turns":4},{"damage":16,"enemies":"Jaw Worm Horde","floor":47,"turns":5},{"damage":0,"enemies":"Nemesis","floor":48,"turns":9},{"damage":64,"enemies":"Donu and Deca","floor":50,"turns":4}],"seed_played":"-8119579068864914071","potions_obtained":[{"floor":5,"key":"BloodPotion"},{"floor":8,"key":"BloodPotion"},{"floor":10,"key":"SpeedPotion"},{"floor":14,"key":"Block Potion"},{"floor":16,"key":"FairyPotion"},{"floor":18,"key":"SpeedPotion"},{"floor":20,"key":"AttackPotion"},{"floor":21,"key":"Ancient Potion"},{"floor":47,"key":"Block Potion"}],"is_trial":false,"path_per_floor":["M","?","M","$","M","E","R","M","T","E","T","$","E","M","R","B",null,"M","?","M","M","?","R","E","R","T","M","M","E","M","E","R","B",null,"M","M","M","M","?","R","M","R","T","M","?","$","M","E","R","B"],"character_chosen":"IRONCLAD","items_purchased":["HandOfGreed","Headbutt","Orichalcum","Oddly Smooth Stone","Feel No Pain","Dream Catcher","Spot Weakness"],"campfire_rested":2,"item_purchase_floors":[4,4,4,12,46,46,46],"current_hp_per_floor":[68,68,67,67,68,54,54,42,42,26,26,26,29,27,27,9,53,42,42,47,37,37,37,32,52,52,61,68,35,36,55,55,40,72,75,56,46,51,51,51,50,50,50,26,26,26,21,32,62,0],"gold":529,"neow_bonus":"TWO_FIFTY_GOLD","is_prod":false,"is_daily":false,"chose_seed":false,"campfire_upgraded":5,"win_rate":0,"timestamp":1549323079,"path_taken":["M","?","M","$","M","E","R","M","T","E","?","$","E","?","R","BOSS","M","?","M","M","?","R","E","R","T","?","M","E","M","E","R","BOSS","M","M","M","M","?","R","?","R","T","M","?","$","M","E","R","BOSS"],"build_version":"2019-01-23","purchased_purges":1,"victory":false,"max_hp_per_floor":[68,68,68,68,68,68,68,68,68,68,68,68,68,68,68,68,68,68,68,68,68,68,68,68,68,68,68,68,70,72,82,82,82,82,86,88,92,94,94,94,96,96,96,98,98,98,100,102,102,102],"card_choices":[{"not_picked":["Cleave","Spot Weakness"],"picked":"Anger","floor":1},{"not_picked":["Body Slam","Cleave"],"picked":"Combust","floor":3},{"not_picked":["Fire Breathing","Evolve","Wild Strike"],"picked":"SKIP","floor":5},{"not_picked":["Anger","Twin Strike"],"picked":"Juggernaut","floor":6},{"not_picked":["Anger","Dual Wield","Warcry"],"picked":"SKIP","floor":8},{"not_picked":["Inflame","Anger"],"picked":"Metallicize","floor":10},{"not_picked":["Heavy Blade","Combust","Flex"],"picked":"SKIP","floor":13},{"not_picked":["Seeing Red","Pommel Strike","Headbutt"],"picked":"SKIP","floor":14},{"not_picked":["Demon Form","Berserk"],"picked":"Immolate","floor":16},{"not_picked":["Headbutt","Clothesline"],"picked":"Metallicize+1","floor":18},{"not_picked":["Wild Strike","Ghostly Armor"],"picked":"Armaments","floor":20},{"not_picked":["Havoc","Iron Wave"],"picked":"Flame Barrier","floor":21},{"not_picked":["Havoc","Clothesline"],"picked":"Limit Break","floor":24},{"not_picked":["Clash+1","Dual Wield","Infernal Blade"],"picked":"Corruption","floor":27},{"not_picked":["Havoc","Seeing Red","Cleave"],"picked":"True Grit","floor":28},{"not_picked":["Blood for Blood","Wild Strike","Body Slam","True Grit"],"picked":"Singing Bowl","floor":29},{"not_picked":["Armaments","Dual Wield","Intimidate"],"picked":"Disarm+1","floor":30},{"not_picked":["Hemokinesis+1","Sever Soul","Ghostly Armor","Corruption"],"picked":"Singing Bowl","floor":30},{"not_picked":["Clothesline","Fiend Fire","Anger"],"picked":"Barricade","floor":31},{"not_picked":["Fiend Fire","Double Tap","Feed"],"picked":"Offering","floor":33},{"not_picked":["Combust","Cleave","Carnage","Rage"],"picked":"Singing Bowl","floor":35},{"not_picked":["Hemokinesis+1","Dropkick+1","Clash","Iron Wave"],"picked":"Singing Bowl","floor":35},{"not_picked":["Battle Trance","Heavy Blade","Perfected Strike","Headbutt"],"picked":"Singing Bowl","floor":36},{"not_picked":["Carnage","Wild Strike","Rampage"],"picked":"Dark Embrace","floor":36},{"not_picked":["Sever Soul","Perfected Strike","Thunderclap","Body Slam"],"picked":"Singing Bowl","floor":37},{"not_picked":["Sword Boomerang","Rage+1","Sentinel","Cleave"],"picked":"Singing Bowl","floor":37},{"not_picked":["Second Wind","Rampage","Sword Boomerang","Havoc"],"picked":"Singing Bowl","floor":38},{"not_picked":["Ghostly Armor","Warcry+1","Thunderclap"],"picked":"Evolve","floor":38},{"not_picked":["Armaments+1","Pommel Strike","Rupture","Warcry"],"picked":"Singing Bowl","floor":41},{"not_picked":["Double Tap","Havoc+1","Sentinel"],"picked":"Inflame","floor":41},{"not_picked":["Havoc","Perfected Strike+1","Armaments","Warcry"],"picked":"Singing Bowl","floor":44},{"not_picked":["Warcry+1","Corruption","Barricade"],"picked":"True Grit+1","floor":44},{"not_picked":["Havoc+1","Seeing Red","Armaments","Clash"],"picked":"Singing Bowl","floor":47},{"not_picked":["Iron Wave","Fire Breathing","Sword Boomerang+1"],"picked":"Body Slam","floor":47},{"not_picked":["Pummel","Warcry+1","Feed","Seeing Red+1"],"picked":"Singing Bowl","floor":48},{"not_picked":["Shrug It Off","Perfected Strike","Intimidate"],"picked":"Heavy Blade","floor":49}],"player_experience":4668073,"relics_obtained":[{"floor":6,"key":"Champion Belt"},{"floor":10,"key":"Mercury Hourglass"},{"floor":11,"key":"Dodecahedron"},{"floor":13,"key":"Turnip"},{"floor":24,"key":"Question Card"},{"floor":26,"key":"Singing Bowl"},{"floor":29,"key":"Prayer Wheel"},{"floor":31,"key":"Pear"},{"floor":43,"key":"Smiling Mask"},{"floor":48,"key":"Boot"}],"event_choices":[{"damage_healed":0,"gold_gain":0,"player_choice":"Leave","damage_taken":0,"max_hp_gain":0,"max_hp_loss":0,"event_name":"The Cleric","floor":2,"gold_loss":0},{"damage_healed":0,"gold_gain":0,"player_choice":"Obtained Relic","damage_taken":0,"relics_obtained":["Magic Flower"],"max_hp_gain":0,"max_hp_loss":0,"event_name":"Addict","floor":19,"gold_loss":85},{"cards_removed":["Anger"],"damage_healed":0,"gold_gain":0,"player_choice":"Purged","damage_taken":0,"max_hp_gain":0,"max_hp_loss":0,"event_name":"Purifier","floor":22,"gold_loss":0},{"damage_healed":0,"gold_gain":0,"cards_transformed":["Strike_R","Strike_R"],"player_choice":"Transformed Cards","damage_taken":0,"max_hp_gain":0,"max_hp_loss":0,"event_name":"Designer","floor":39,"gold_loss":75,"cards_obtained":["Evolve","Inflame"]},{"damage_healed":0,"gold_gain":0,"player_choice":"Ignored","damage_taken":0,"max_hp_gain":0,"max_hp_loss":0,"event_name":"Tomb of Lord Red Mask","floor":45,"gold_loss":0}],"is_beta":true,"boss_relics":[{"not_picked":["Runic Cube","Calling Bell"],"picked":"Snecko Eye"},{"not_picked":["Runic Pyramid","Black Blood"],"picked":"Mark of Pain"}],"items_purged_floors":[46],"is_endless":false,"potions_floor_spawned":[5,8,10,14,16,18,20,21,33,38,41,47],"killed_by":"Donu and Deca","ascension_level":20}