{"gold_per_floor":[115,115,127,21,21,48,48,48,48,60,95,95,123,70,70,143,143,155,14,28,44,44,44,56,74,99,99,149,149,161,171,171,248,248,259,129,0,11,38,38,38],"floor_reached":41,"playtime":2552,"items_purged":["Bite"],"score":893,"play_id":"cec1ffa4-303b-4227-8260-54e292431578","local_time":"20190206165956","is_ascension_mode":true,"campfire_choices":[{"floor":7,"key":"REST"},{"data":"Zap","floor":8,"key":"SMITH"},{"floor":12,"key":"REST"},{"floor":15,"key":"REST"},{"data":"Defragment","floor":23,"key":"SMITH"},{"floor":29,"key":"REST"},{"data":"Defragment","floor":32,"key":"SMITH"},{"floor":40,"key":"REST"}],"neow_cost":"NONE","seed_source_timestamp":105559616609761,"circlet_count":0,"master_deck":["AscendersBane","Defend_B","Defend_B","Defend_B","Defend_B","Zap+1","Dualcast","Leap","Genetic Algorithm","Streamline","FTL","Consume","Core Surge","Defragment+1","Electrodynamics","Ball Lightning","Defragment+1","Cold Snap","Hologram","Capacitor","Bite","Bite","Bite","Bite","Genetic Algorithm","Loop+1","Chill","Doom and Gloom","Defragment","Echo Form","Genetic Algorithm"],"relics":["Cracked Core","Whetstone","WingedGreaves","Bottled Flame","Calipers","Unceasing Top","Prayer Wheel","Philosopher\u0027s Stone","Omamori","Lizard Tail","Red Mask","Bronze Scales"],"potions_floor_usage":[6,16,16,18,24,25,25,35,38],"damage_taken":[{"damage":7,"enemies":"Small Slimes","floor":1,"turns":3},{"damage":0,"enemies":"Cultist","floor":3,"turns":3},{"damage":30,"enemies":"3 Sentries","floor":6,"turns":8},{"damage":3,"enemies":"2 Louse","floor":10,"turns":2},{"damage":16,"enemies":"Lagavulin","floor":11,"turns":7},{"damage":23,"enemies":"3 Sentries","floor":13,"turns":7},{"damage":46,"enemies":"Slime Boss","floor":16,"turns":7},{"damage":38,"enemies":"Shell Parasite","floor":18,"turns":5},{"damage":0,"enemies":"Spheric Guardian","floor":20,"turns":3},{"damage":5,"enemies":"Chosen and Byrds","floor":21,"turns":5},{"damage":25,"enemies":"Snake Plant","floor":24,"turns":4},{"damage":6,"enemies":"Cultist and Chosen","floor":25,"turns":5},{"damage":21,"enemies":"Centurion and Healer","floor":30,"turns":17},{"damage":28,"enemies":"Snake Plant","floor":31,"turns":5},{"damage":21,"enemies":"Champ","floor":33,"turns":19},{"damage":20,"enemies":"3 Shapes","floor":35,"turns":3},{"damage":45,"enemies":"Orb Walker","floor":38,"turns":5},{"damage":52,"enemies":"Reptomancer","floor":41,"turns":8}],"seed_played":"8945937624868167530","potions_obtained":[{"floor":13,"key":"Energy Potion"},{"floor":16,"key":"Regen Potion"},{"floor":18,"key":"FocusPotion"},{"floor":24,"key":"Poison Potion"},{"floor":25,"key":"AttackPotion"},{"floor":38,"key":"FocusPotion"}],"is_trial":false,"path_per_floor":["M","?","M","$","T","E","R","R","T","M","E","R","E","$","R","B",null,"M","$","M","M","?","R","M","M","T","?","?","R","M","M","R","B",null,"M","$","?","M","T","R","E"],"character_chosen":"DEFECT","items_purchased":["Streamline","Strength Potion","Fire Potion","Defragment","Block Potion","Swift Potion"],"campfire_rested":5,"item_purchase_floors":[4,4,14,19,19,36],"current_hp_per_floor":[57,57,57,57,57,27,48,48,48,45,29,50,27,27,48,2,54,30,30,30,25,25,25,10,14,14,14,14,28,49,25,25,48,49,33,33,33,24,24,38,0],"gold":38,"neow_bonus":"RANDOM_COMMON_RELIC","is_prod":false,"is_daily":false,"chose_seed":false,"campfire_upgraded":3,"win_rate":0,"timestamp":1549501196,"path_taken":["M","?","M","$","?","E","R","R","T","M","E","R","E","$","R","BOSS","M","$","M","M","?","R","M","M","T","?","?","R","M","M","R","BOSS","M","$","?","M","?","R","E"],"build_version":"2019-01-23","purchased_purges":1,"victory":false,"max_hp_per_floor":[71,71,71,71,71,71,71,71,71,71,71,71,71,71,71,71,71,71,71,71,71,49,49,49,49,49,49,49,49,49,49,49,49,49,49,49,49,49,49,49,49],"card_choices":[{"not_picked":["Beam Cell","Tempest"],"picked":"Leap","floor":1},{"not_picked":["Redo","Sweeping Beam"],"picked":"Genetic Algorithm","floor":3},{"not_picked":["Compile Driver","Rebound"],"picked":"FTL","floor":6},{"not_picked":["Double Energy","Streamline"],"picked":"Consume","floor":10},{"not_picked":["Redo","Stack"],"picked":"Core Surge","floor":11},{"not_picked":["Coolheaded","Conserve Battery"],"picked":"Defragment","floor":13},{"not_picked":["Fission","All For One"],"picked":"Electrodynamics","floor":16},{"not_picked":["Compile Driver","Barrage"],"picked":"Ball Lightning","floor":18},{"not_picked":["Turbo","Melter","Beam Cell"],"picked":"SKIP","floor":18},{"not_picked":["Sweeping Beam","Rebound"],"picked":"Cold Snap","floor":20},{"not_picked":["Ball Lightning+1","Gash"],"picked":"Hologram","floor":20},{"not_picked":["Stack","Hologram"],"picked":"Capacitor","floor":21},{"not_picked":["Leap","Streamline","Defragment"],"picked":"SKIP","floor":21},{"not_picked":["Barrage","Compile Driver"],"picked":"Genetic Algorithm","floor":24},{"not_picked":["Ball Lightning+1","Chill"],"picked":"Loop+1","floor":24},{"not_picked":["Beam Cell","Loop"],"picked":"Chill","floor":25},{"not_picked":["Go for the Eyes+1","Turbo","Electrodynamics"],"picked":"SKIP","floor":25},{"not_picked":["Compile Driver","Fusion","Go for the Eyes"],"picked":"SKIP","floor":30},{"not_picked":["Turbo","Stack","Consume"],"picked":"SKIP","floor":30},{"not_picked":["Beam Cell","Conserve Battery"],"picked":"Doom and Gloom","floor":31},{"not_picked":["Stack+1","Rebound"],"picked":"Defragment","floor":31},{"not_picked":["Amplify","Fission"],"picked":"Echo Form","floor":33},{"not_picked":["Conserve Battery+1","Stack"],"picked":"Genetic Algorithm","floor":35},{"not_picked":["Redo+1","Undo","Melter"],"picked":"SKIP","floor":35},{"not_picked":["Reprogram","Blizzard","Streamline"],"picked":"SKIP","floor":38},{"not_picked":["Conserve Battery","Tempest","Melter"],"picked":"SKIP","floor":38}],"player_experience":4690165,"relics_obtained":[{"floor":5,"key":"WingedGreaves"},{"floor":6,"key":"Bottled Flame"},{"floor":9,"key":"Calipers"},{"floor":11,"key":"Unceasing Top"},{"floor":13,"key":"Prayer Wheel"},{"floor":26,"key":"Omamori"},{"floor":39,"key":"Bronze Scales"}],"event_choices":[{"cards_removed":["Strike_B"],"damage_healed":0,"gold_gain":0,"player_choice":"Purged","damage_taken":0,"max_hp_gain":0,"max_hp_loss":0,"event_name":"Purifier","floor":2,"gold_loss":0},{"damage_healed":0,"gold_gain":0,"player_choice":"Became a vampire","damage_taken":0,"max_hp_gain":0,"max_hp_loss":22,"event_name":"Vampires","floor":22,"gold_loss":0,"cards_obtained":["Bite","Bite","Bite","Bite","Bite"]},{"damage_healed":0,"gold_gain":0,"player_choice":"Smashed Altar","damage_taken":0,"max_hp_gain":0,"max_hp_loss":0,"event_name":"Forgotten Altar","floor":27,"gold_loss":0,"cards_obtained":["Decay"]},{"damage_healed":0,"gold_gain":50,"player_choice":"Stole From Cult","damage_taken":0,"max_hp_gain":0,"max_hp_loss":0,"event_name":"Nest","floor":28,"gold_loss":0},{"damage_healed":0,"gold_gain":0,"player_choice":"Paid","damage_taken":0,"relics_obtained":["Red Mask"],"max_hp_gain":0,"max_hp_loss":0,"event_name":"Tomb of Lord Red Mask","floor":37,"gold_loss":129}],"is_beta":true,"boss_relics":[{"not_picked":["Coffee Dripper","Busted Crown"],"picked":"Philosopher\u0027s Stone"},{"not_picked":["Inserter","Runic Dome"],"picked":"Lizard Tail"}],"items_purged_floors":[36],"is_endless":false,"potions_floor_spawned":[13,16,18,24,25,38],"killed_by":"Reptomancer","ascension_level":20}