{"gold_per_floor":[114,114,133,133,133,133,174,174,199,220,220,235,259,293,293,389,389,404,242,267,192,192,223,223,261,261,11,31,47,47,82,82,178,178,202,222,555,70,84,111,111,141,141,141,9,9,231,248,248,248,248,248,248,51,79,79],"floor_reached":56,"playtime":5159,"items_purged":["Strike_G","Decay"],"score":2027,"play_id":"c551074f-611d-4434-b54f-7a7d81f57493","local_time":"20190207132421","is_ascension_mode":true,"campfire_choices":[{"data":"Die Die Die","floor":6,"key":"SMITH"},{"data":"Skewer","floor":8,"key":"SMITH"},{"data":"Dash","floor":11,"key":"SMITH"},{"floor":15,"key":"REST"},{"data":"Malaise","floor":24,"key":"SMITH"},{"data":"Discovery","floor":30,"key":"SMITH"},{"data":"Catalyst","floor":32,"key":"SMITH"},{"floor":44,"key":"REST"},{"floor":49,"key":"RECALL"},{"floor":53,"key":"REST"}],"neow_cost":"NONE","seed_source_timestamp":52404944343376,"circlet_count":0,"master_deck":["AscendersBane","Defend_G","Defend_G","Defend_G","Defend_G","Defend_G","Strike_G+1","Strike_G+1","Survivor","Neutralize+1","Masterful Stab","Dash+1","Die Die Die+1","Skewer+1","Cloak And Dagger","Calculated Gamble","Infinite Blades+1","Malaise+1","Well Laid Plans+1","PiercingWail","Discovery+1","Catalyst+1","Burst+1","Deadly Poison","Predator","Footwork+1","Adrenaline","Deadly Poison+1","Poisoned Stab","Footwork+1","Finesse","Backflip","Noxious Fumes+1"],"relics":["Ring of the Snake","Bag of Preparation","Snake Skull","Frozen Egg 2","Busted Crown","Lantern","Art of War","Ornamental Fan","Red Mask","Black Star","Bronze Scales","Shuriken","Matryoshka","Potion Belt","War Paint","Vajra","Blood Vial","Nunchaku"],"potions_floor_usage":[14,16,23,33,35,39,42,42,50,50,55,56],"damage_taken":[{"damage":4,"enemies":"Small Slimes","floor":1,"turns":5},{"damage":0,"enemies":"2 Louse","floor":3,"turns":3},{"damage":5,"enemies":"3 Sentries","floor":7,"turns":6},{"damage":0,"enemies":"Cultist","floor":10,"turns":2},{"damage":0,"enemies":"3 Louse","floor":12,"turns":1},{"damage":0,"enemies":"Looter","floor":13,"turns":2},{"damage":0,"enemies":"Gremlin Nob","floor":14,"turns":2},{"damage":11,"enemies":"Slime Boss","floor":16,"turns":6},{"damage":8,"enemies":"Shell Parasite","floor":18,"turns":8},{"damage":3,"enemies":"Spheric Guardian","floor":20,"turns":3},{"damage":6,"enemies":"Slavers","floor":23,"turns":6},{"damage":0,"enemies":"Book of Stabbing","floor":25,"turns":7},{"damage":5,"enemies":"Snake Plant","floor":28,"turns":4},{"damage":1,"enemies":"Shelled Parasite and Fungi","floor":29,"turns":5},{"damage":9,"enemies":"Masked Bandits","floor":31,"turns":5},{"damage":16,"enemies":"Champ","floor":33,"turns":11},{"damage":16,"enemies":"3 Darklings","floor":35,"turns":7},{"damage":0,"enemies":"Orb Walker","floor":36,"turns":4},{"damage":0,"enemies":"Sphere and 2 Shapes","floor":39,"turns":5},{"damage":30,"enemies":"Reptomancer","floor":40,"turns":5},{"damage":16,"enemies":"Giant Head","floor":42,"turns":6},{"damage":0,"enemies":"Spire Growth","floor":48,"turns":6},{"damage":5,"enemies":"Time Eater","floor":50,"turns":13},{"damage":6,"enemies":"Donu and Deca","floor":51,"turns":10},{"damage":13,"enemies":"Shield and Spear","floor":55,"turns":10},{"damage":56,"enemies":"The Heart","floor":56,"turns":6}],"seed_played":"-4411955230815489650","potions_obtained":[{"floor":1,"key":"Strength Potion"},{"floor":3,"key":"Poison Potion"},{"floor":20,"key":"SteroidPotion"},{"floor":25,"key":"EntropicBrew"},{"floor":29,"key":"PowerPotion"},{"floor":33,"key":"Fruit Juice"},{"floor":35,"key":"Energy Potion"},{"floor":36,"key":"Regen Potion"}],"is_trial":false,"path_per_floor":["M","?","M","?","?","R","E","R","T","M","R","M","M","E","R","B",null,"M","$","M","?","?","E","R","E","T","$","M","M","R","?","R","B",null,"M","M","?","$","M","E","?","E","T","R","$","?","?","M","R","B","B",null,"R","$","E","B"],"character_chosen":"THE_SILENT","items_purchased":["Well Laid Plans+1","PiercingWail","Discovery","Footwork+1","Adrenaline","Deadly Poison","Bronze Scales","Footwork+1","Dexterity Potion","Backflip","SkillPotion","EssenceOfSteel"],"campfire_rested":3,"item_purchase_floors":[19,27,27,38,38,38,38,45,45,54,54,54],"current_hp_per_floor":[55,55,55,37,37,37,32,32,32,32,32,32,32,32,50,39,55,47,47,44,44,44,38,38,38,38,38,33,32,32,23,23,7,47,36,36,36,36,51,21,21,5,5,24,24,24,24,24,24,19,13,52,65,65,52,0],"gold":79,"neow_bonus":"UPGRADE_CARD","is_prod":false,"is_daily":false,"chose_seed":false,"campfire_upgraded":6,"win_rate":0,"timestamp":1549574661,"path_taken":["M","?","M","?","?","R","E","R","T","?","R","M","M","E","R","BOSS","M","$","M","?","?","E","R","E","T","$","M","?","R","?","R","BOSS","M","M","?","$","M","E","?","E","T","R","$","?","?","M","R","BOSS","BOSS","R","$","E","BOSS"],"build_version":"2019-02-06","purchased_purges":2,"victory":false,"max_hp_per_floor":[66,60,60,60,60,60,60,60,60,60,60,60,60,60,60,60,60,60,60,60,60,60,60,60,60,60,60,60,60,60,60,60,60,60,65,65,65,65,65,65,65,65,65,65,65,65,65,65,65,65,65,65,65,65,65,65],"card_choices":[{"not_picked":["Sucker Punch","Catalyst"],"picked":"Masterful Stab","floor":1},{"not_picked":["Outmaneuver","Prepared"],"picked":"Dash","floor":3},{"not_picked":["Night Terror","Bane"],"picked":"Skewer","floor":7},{"not_picked":["Poisoned Stab","Skewer"],"picked":"Cloak And Dagger","floor":10},{"not_picked":["Backflip","Dagger Throw"],"picked":"Calculated Gamble","floor":12},{"not_picked":["Prepared","Dagger Throw","Quick Slash"],"picked":"SKIP","floor":13},{"not_picked":["Flying Knee","Bouncing Flask"],"picked":"Infinite Blades","floor":14},{"not_picked":["Storm of Steel","Doppelganger"],"picked":"Malaise","floor":16},{"not_picked":["Flying Knee"],"picked":"SKIP","floor":18},{"not_picked":["Cloak And Dagger"],"picked":"SKIP","floor":20},{"not_picked":["Heel Hook"],"picked":"SKIP","floor":23},{"not_picked":["Underhanded Strike"],"picked":"SKIP","floor":25},{"not_picked":["Concentrate+1"],"picked":"SKIP","floor":28},{"not_picked":[],"picked":"Catalyst","floor":29},{"not_picked":[],"picked":"Burst","floor":33},{"not_picked":[],"picked":"Deadly Poison","floor":35},{"not_picked":[],"picked":"Predator","floor":36},{"not_picked":["Blade Dance"],"picked":"SKIP","floor":39},{"not_picked":[],"picked":"Poisoned Stab","floor":40},{"not_picked":["Heel Hook+1"],"picked":"SKIP","floor":42},{"not_picked":[],"picked":"Finesse","floor":46},{"not_picked":["Outmaneuver"],"picked":"SKIP","floor":48},{"not_picked":[],"picked":"Noxious Fumes+1","floor":55}],"player_experience":4694181,"relics_obtained":[{"floor":7,"key":"Bag of Preparation"},{"floor":9,"key":"Snake Skull"},{"floor":14,"key":"Frozen Egg 2"},{"floor":23,"key":"Lantern"},{"floor":25,"key":"Art of War"},{"floor":26,"key":"Ornamental Fan"},{"floor":31,"key":"Red Mask"},{"floor":40,"key":"Shuriken"},{"floor":40,"key":"Matryoshka"},{"floor":42,"key":"Potion Belt"},{"floor":42,"key":"War Paint"},{"floor":43,"key":"Vajra"},{"floor":55,"key":"Blood Vial"},{"floor":55,"key":"Nunchaku"}],"event_choices":[{"damage_healed":0,"gold_gain":0,"player_choice":"Lose Max HP","damage_taken":0,"relics_obtained":["Golden Idol"],"max_hp_gain":0,"max_hp_loss":6,"event_name":"Golden Idol","floor":2,"gold_loss":0},{"damage_healed":0,"gold_gain":0,"player_choice":"Entered Light","damage_taken":18,"max_hp_gain":0,"max_hp_loss":0,"event_name":"Shining Light","floor":4,"gold_loss":0,"cards_upgraded":["Strike_G","Strike_G"]},{"damage_healed":0,"gold_gain":0,"cards_transformed":["Strike_G"],"player_choice":"Transformed","damage_taken":0,"max_hp_gain":0,"max_hp_loss":0,"event_name":"Transmorgrifier","floor":5,"gold_loss":0,"cards_obtained":["Die Die Die"]},{"cards_removed":["Strike_G"],"damage_healed":0,"gold_gain":0,"player_choice":"Gave Gold","damage_taken":0,"max_hp_gain":0,"max_hp_loss":0,"event_name":"Beggar","floor":21,"gold_loss":75},{"damage_healed":0,"gold_gain":0,"player_choice":"Cursed","damage_taken":0,"max_hp_gain":0,"max_hp_loss":0,"event_name":"Wheel of Change","floor":22,"gold_loss":0,"cards_obtained":["Decay"]},{"damage_healed":0,"gold_gain":0,"player_choice":"Fought Bandits","damage_taken":0,"max_hp_gain":0,"max_hp_loss":0,"event_name":"Masked Bandits","floor":31,"gold_loss":0},{"damage_healed":0,"gold_gain":333,"player_choice":"Gave Idol","damage_taken":0,"max_hp_gain":0,"max_hp_loss":0,"event_name":"The Moai Head","floor":37,"relics_lost":["Golden Idol"],"gold_loss":0},{"damage_healed":0,"gold_gain":0,"player_choice":"Ignored","damage_taken":0,"max_hp_gain":0,"max_hp_loss":0,"event_name":"Mysterious Sphere","floor":41,"gold_loss":0},{"damage_healed":0,"gold_gain":0,"player_choice":"Memory 1","damage_taken":0,"max_hp_gain":0,"max_hp_loss":0,"event_name":"SensoryStone","floor":46,"gold_loss":0},{"damage_healed":0,"gold_gain":222,"player_choice":"Wore Mask","damage_taken":0,"max_hp_gain":0,"max_hp_loss":0,"event_name":"Tomb of Lord Red Mask","floor":47,"gold_loss":0}],"is_beta":true,"boss_relics":[{"not_picked":["Calling Bell","Pandora\u0027s Box"],"picked":"Busted Crown"},{"not_picked":["Philosopher\u0027s Stone","White Beast Statue"],"picked":"Black Star"}],"items_purged_floors":[19,27],"is_endless":false,"potions_floor_spawned":[1,3,10,12,13,20,25,29,31,33,35,36],"killed_by":"The Heart","ascension_level":20}