{"gold_per_floor":[115,115,115,131,151,151,164,208,208,208,249,249,270,313,313,409,409,393,393,62,85,99,135,149,149,149,164,208,208,242,267,267,363,363,376,376,389,412,31,31,64,64,64,108,108,147,162,186,186,186,186,186,186,2,40,40],"floor_reached":57,"playtime":4804,"items_purged":["Strike_G+1","Strike_G+1"],"score":3119,"play_id":"de6edc33-4135-48f3-b5c8-e7a34d1b5bf4","local_time":"20190207163854","is_ascension_mode":true,"campfire_choices":[{"data":"Skewer","floor":6,"key":"SMITH"},{"data":"Envenom","floor":10,"key":"SMITH"},{"floor":12,"key":"REST"},{"data":"After Image","floor":15,"key":"SMITH"},{"floor":25,"key":"REST"},{"data":"Footwork","floor":29,"key":"SMITH"},{"data":"Noxious Fumes","floor":32,"key":"SMITH"},{"floor":40,"key":"RECALL"},{"floor":45,"key":"REST"},{"floor":49,"key":"REST"},{"floor":53,"key":"REST"}],"neow_cost":"NONE","seed_source_timestamp":64419836859142,"circlet_count":0,"master_deck":["AscendersBane","Defend_G+1","Defend_G+1","Defend_G+1","Defend_G+1","Defend_G+1","Strike_G+1","Strike_G+1","Strike_G+1","Survivor","Neutralize","Leg Sweep","Skewer+1","PiercingWail","Envenom+1","Dagger Spray","Deflect","After Image+1","After Image","Deflect","Flechettes","Footwork+1","Catalyst","Heel Hook+1","Noxious Fumes+1","Burst","Deflect+1","Night Terror","Cloak And Dagger","PiercingWail","PiercingWail","Adrenaline","Cloak And Dagger+1","Sucker Punch+1","Catalyst"],"relics":["Ring of the Snake","Golden Idol","Pear","Sundial","Pantograph","Snake Skull","Runic Pyramid","ClockworkSouvenir","Regal Pillow","Gremlin Horn","Art of War","Bottled Tornado","Fusion Hammer","Anchor","Bronze Scales","Dodecahedron","Ninja Scroll","Bag of Preparation"],"potions_floor_usage":[11,14,18,23,23,28,50,55,56],"damage_taken":[{"damage":0,"enemies":"2 Louse","floor":1,"turns":3},{"damage":1,"enemies":"Small Slimes","floor":4,"turns":5},{"damage":0,"enemies":"Jaw Worm","floor":5,"turns":7},{"damage":0,"enemies":"Exordium Wildlife","floor":7,"turns":4},{"damage":39,"enemies":"3 Sentries","floor":8,"turns":13},{"damage":30,"enemies":"Lagavulin","floor":11,"turns":8},{"damage":0,"enemies":"Blue Slaver","floor":13,"turns":5},{"damage":6,"enemies":"3 Sentries","floor":14,"turns":9},{"damage":36,"enemies":"Hexaghost","floor":16,"turns":10},{"damage":5,"enemies":"2 Thieves","floor":18,"turns":5},{"damage":0,"enemies":"Chosen","floor":21,"turns":4},{"damage":1,"enemies":"Centurion and Healer","floor":22,"turns":8},{"damage":17,"enemies":"Slavers","floor":23,"turns":7},{"damage":4,"enemies":"Snake Plant","floor":24,"turns":6},{"damage":9,"enemies":"3 Cultists","floor":27,"turns":7},{"damage":16,"enemies":"Book of Stabbing","floor":28,"turns":7},{"damage":0,"enemies":"Gremlin Leader","floor":30,"turns":6},{"damage":0,"enemies":"Snecko","floor":31,"turns":4},{"damage":0,"enemies":"Champ","floor":33,"turns":9},{"damage":0,"enemies":"Orb Walker","floor":35,"turns":4},{"damage":0,"enemies":"3 Shapes","floor":37,"turns":4},{"damage":0,"enemies":"Sphere and 2 Shapes","floor":38,"turns":5},{"damage":11,"enemies":"Giant Head","floor":41,"turns":5},{"damage":5,"enemies":"Reptomancer","floor":44,"turns":6},{"damage":0,"enemies":"Nemesis","floor":46,"turns":7},{"damage":0,"enemies":"Transient","floor":47,"turns":5},{"damage":0,"enemies":"Spire Growth","floor":48,"turns":5},{"damage":0,"enemies":"Awakened One","floor":50,"turns":12},{"damage":27,"enemies":"Donu and Deca","floor":51,"turns":10},{"damage":9,"enemies":"Shield and Spear","floor":55,"turns":8},{"damage":47,"enemies":"The Heart","floor":56,"turns":7}],"seed_played":"-411895884697781097","potions_obtained":[{"floor":1,"key":"GamblersBrew"},{"floor":8,"key":"SteroidPotion"},{"floor":11,"key":"SteroidPotion"},{"floor":13,"key":"Fire Potion"},{"floor":14,"key":"AttackPotion"},{"floor":18,"key":"Poison Potion"},{"floor":24,"key":"Regen Potion"},{"floor":27,"key":"SkillPotion"},{"floor":28,"key":"SteroidPotion"},{"floor":38,"key":"SpeedPotion"}],"is_trial":false,"path_per_floor":["M","?","?","M","M","R","M","E","T","R","E","R","M","E","R","B",null,"M","?","$","M","M","E","M","R","T","M","E","R","E","M","R","B",null,"M","?","M","M","$","R","E","?","T","E","R","E","M","M","R","B","B",null,"R","$","E","B",null],"character_chosen":"THE_SILENT","items_purchased":["Deflect","Flechettes","ClockworkSouvenir","PiercingWail","GhostInAJar","Anchor","GhostInAJar"],"campfire_rested":5,"item_purchase_floors":[20,20,20,39,39,39,54],"current_hp_per_floor":[65,65,65,64,64,64,64,35,35,35,5,27,27,21,21,10,59,54,54,54,54,53,36,32,69,69,60,59,59,59,59,59,75,75,75,75,75,75,75,75,64,64,64,59,71,71,71,71,71,71,44,64,71,71,62,24],"gold":40,"neow_bonus":"TEN_PERCENT_HP_BONUS","is_prod":false,"is_daily":false,"chose_seed":false,"campfire_upgraded":5,"win_rate":0,"timestamp":1549586334,"path_taken":["M","?","?","?","M","R","M","E","T","R","E","R","M","E","R","BOSS","M","?","$","M","M","E","M","R","T","M","E","R","E","M","R","BOSS","M","?","?","M","$","R","E","?","T","E","R","E","M","M","R","BOSS","BOSS","R","$","E","BOSS"],"build_version":"2019-02-06","purchased_purges":2,"victory":true,"max_hp_per_floor":[72,65,65,65,65,65,65,75,75,75,75,75,75,75,75,75,75,75,75,75,75,75,75,75,75,75,75,75,75,75,75,75,75,75,75,75,75,75,75,75,75,71,71,71,71,71,71,71,71,71,71,71,71,71,71,71],"card_choices":[{"not_picked":["Concentrate","Acrobatics","Underhanded Strike"],"picked":"SKIP","floor":1},{"not_picked":["All Out Attack","Prepared"],"picked":"Leg Sweep","floor":4},{"not_picked":["Underhanded Strike","Dodge and Roll"],"picked":"Skewer","floor":5},{"not_picked":["Accuracy","Reflex"],"picked":"PiercingWail","floor":7},{"not_picked":["Dodge and Roll","PiercingWail"],"picked":"Envenom","floor":8},{"not_picked":["Sucker Punch","Poisoned Stab"],"picked":"Dagger Spray","floor":11},{"not_picked":["Flying Knee","Slice"],"picked":"Deflect","floor":13},{"not_picked":["Outmaneuver","Prepared"],"picked":"After Image","floor":14},{"not_picked":["Storm of Steel","Doppelganger"],"picked":"After Image","floor":16},{"not_picked":["Eviscerate","Underhanded Strike","Outmaneuver"],"picked":"SKIP","floor":18},{"not_picked":["Calculated Gamble","Slice"],"picked":"Footwork","floor":21},{"not_picked":["Poisoned Stab","Quick Slash","Riddle With Holes+1"],"picked":"SKIP","floor":22},{"not_picked":["Storm of Steel","Cloak And Dagger"],"picked":"Catalyst","floor":23},{"not_picked":["Eviscerate","Deadly Poison"],"picked":"Heel Hook+1","floor":24},{"not_picked":["Flying Knee+1","Poisoned Stab"],"picked":"Noxious Fumes","floor":27},{"not_picked":["Underhanded Strike","Heel Hook+1","Slice"],"picked":"SKIP","floor":28},{"not_picked":["Acrobatics","Reflex"],"picked":"Burst","floor":30},{"not_picked":["Quick Slash+1","Bane"],"picked":"Deflect+1","floor":31},{"not_picked":["Phantasmal Killer","Bullet Time"],"picked":"Night Terror","floor":33},{"not_picked":["Deflect","Prepared"],"picked":"Cloak And Dagger","floor":35},{"not_picked":["Accuracy","Outmaneuver+1","All Out Attack"],"picked":"SKIP","floor":37},{"not_picked":["Heel Hook+1","Dagger Throw","Acrobatics"],"picked":"SKIP","floor":38},{"not_picked":["Noxious Fumes","Escape Plan"],"picked":"Adrenaline","floor":41},{"not_picked":["Expertise+1","Outmaneuver","Predator+1"],"picked":"SKIP","floor":44},{"not_picked":["Bane+1","Prepared"],"picked":"Cloak And Dagger+1","floor":46},{"not_picked":["Noxious Fumes+1","Prepared+1"],"picked":"Sucker Punch+1","floor":47},{"not_picked":["Predator","Quick Slash+1"],"picked":"Catalyst","floor":48},{"not_picked":["Choke","Infinite Blades","Glass Knife"],"picked":"SKIP","floor":55}],"player_experience":4706066,"relics_obtained":[{"floor":8,"key":"Pear"},{"floor":9,"key":"Sundial"},{"floor":11,"key":"Pantograph"},{"floor":14,"key":"Snake Skull"},{"floor":23,"key":"Regal Pillow"},{"floor":26,"key":"Gremlin Horn"},{"floor":28,"key":"Art of War"},{"floor":30,"key":"Bottled Tornado"},{"floor":41,"key":"Bronze Scales"},{"floor":44,"key":"Dodecahedron"},{"floor":46,"key":"Ninja Scroll"},{"floor":55,"key":"Bag of Preparation"}],"event_choices":[{"damage_healed":0,"gold_gain":0,"player_choice":"Lose Max HP","damage_taken":0,"relics_obtained":["Golden Idol"],"max_hp_gain":0,"max_hp_loss":7,"event_name":"Golden Idol","floor":2,"gold_loss":0},{"damage_healed":0,"gold_gain":0,"player_choice":"Leave","damage_taken":0,"max_hp_gain":0,"max_hp_loss":0,"event_name":"The Cleric","floor":3,"gold_loss":0},{"damage_healed":0,"gold_gain":0,"player_choice":"Simplicity","damage_taken":0,"max_hp_gain":0,"max_hp_loss":0,"event_name":"Back to Basics","floor":19,"gold_loss":0,"cards_upgraded":["Defend_G","Defend_G","Defend_G","Defend_G","Defend_G","Strike_G","Strike_G","Strike_G","Strike_G","Strike_G"]},{"damage_healed":0,"gold_gain":0,"player_choice":"Copied","damage_taken":0,"max_hp_gain":0,"max_hp_loss":0,"event_name":"Duplicator","floor":36,"gold_loss":0,"cards_obtained":["PiercingWail"]},{"damage_healed":0,"gold_gain":0,"player_choice":"Max HP","damage_taken":0,"max_hp_gain":0,"max_hp_loss":4,"event_name":"Winding Halls","floor":42,"gold_loss":0}],"is_beta":true,"boss_relics":[{"not_picked":["White Beast Statue","Ring of the Serpent"],"picked":"Runic Pyramid"},{"not_picked":["Coffee Dripper","Pandora\u0027s Box"],"picked":"Fusion Hammer"}],"items_purged_floors":[39,54],"is_endless":false,"potions_floor_spawned":[1,8,11,13,14,18,24,27,28,38,44,46,47],"ascension_level":20}