{"gold_per_floor":[360,360,376,387,18,18,11,11,11,40,40,50,76,88,88,160,160,173,189,189,202,221,255,255,289,313,173,185,210,225,855,855,927,927,944,560,660,257,257,257,257,289,289,314,314,314,348,348,348,348,348,348,348,81,110,110],"floor_reached":57,"playtime":4427,"items_purged":["Strike_R","Strike_R"],"score":2902,"play_id":"4fe5bdf1-ecbe-469c-a749-9b28bc5ebb11","local_time":"20190203133005","is_ascension_mode":true,"campfire_choices":[{"data":"Apotheosis","floor":6,"key":"SMITH"},{"data":"Battle Trance","floor":8,"key":"SMITH"},{"data":"Shockwave","floor":15,"key":"SMITH"},{"data":"Immolate","floor":24,"key":"SMITH"},{"floor":32,"key":"REST"},{"floor":40,"key":"DIG"},{"floor":45,"key":"RECALL"},{"floor":49,"key":"DIG"},{"floor":53,"key":"DIG"}],"neow_cost":"PERCENT_DAMAGE","seed_source_timestamp":440812223603781,"circlet_count":0,"master_deck":["AscendersBane","Defend_R","Defend_R","Defend_R+1","Defend_R","Rampage+1","Battle Trance+1","Shockwave+1","Immolate+1","Apotheosis+1","Shrug It Off","Body Slam","Corruption+1","Feel No Pain+1","Juggernaut+1","Flame Barrier+1","Feel No Pain+1","Havoc","Shrug It Off","Battle Trance","Disarm","Warcry+1","Shrug It Off","Fiend Fire+1","Feel No Pain+1","Flame Barrier+1","Metallicize+1","Magnetism+1","Clothesline+1","Shrug It Off","Disarm","Warcry","Sentinel"],"relics":["Burning Blood","Self Forming Clay","Frozen Egg 2","PreservedInsect","Philosopher\u0027s Stone","Bronze Scales","Anchor","Oddly Smooth Stone","Happy Flower","Empty Cage","Potion Belt","Shovel","Membership Card","Ginger","Bottled Lightning","Centennial Puzzle","Singing Bowl","Torii","Gremlin Horn","Red Skull","War Paint","Whetstone"],"potions_floor_usage":[4,13,33,35,42,55,56,56,56],"damage_taken":[{"damage":6,"enemies":"Jaw Worm","floor":1,"turns":6},{"damage":2,"enemies":"Cultist","floor":3,"turns":4},{"damage":8,"enemies":"2 Louse","floor":4,"turns":3},{"damage":7,"enemies":"Exordium Thugs","floor":7,"turns":4},{"damage":8,"enemies":"Lagavulin","floor":10,"turns":7},{"damage":0,"enemies":"Exordium Wildlife","floor":12,"turns":2},{"damage":11,"enemies":"Gremlin Nob","floor":13,"turns":3},{"damage":0,"enemies":"2 Fungi Beasts","floor":14,"turns":2},{"damage":28,"enemies":"Slime Boss","floor":16,"turns":5},{"damage":1,"enemies":"Chosen","floor":18,"turns":4},{"damage":4,"enemies":"2 Thieves","floor":19,"turns":3},{"damage":26,"enemies":"Shelled Parasite and Fungi","floor":21,"turns":5},{"damage":0,"enemies":"Cultist and Chosen","floor":22,"turns":3},{"damage":0,"enemies":"Gremlin Leader","floor":23,"turns":3},{"damage":16,"enemies":"Slavers","floor":25,"turns":3},{"damage":0,"enemies":"Snake Plant","floor":28,"turns":3},{"damage":0,"enemies":"Gremlin Leader","floor":29,"turns":4},{"damage":0,"enemies":"Centurion and Healer","floor":30,"turns":3},{"damage":12,"enemies":"Champ","floor":33,"turns":9},{"damage":14,"enemies":"3 Darklings","floor":35,"turns":4},{"damage":0,"enemies":"Mind Bloom Boss Battle","floor":37,"turns":4},{"damage":5,"enemies":"Reptomancer","floor":42,"turns":3},{"damage":0,"enemies":"Nemesis","floor":47,"turns":3},{"damage":7,"enemies":"Time Eater","floor":50,"turns":10},{"damage":19,"enemies":"Awakened One","floor":51,"turns":13},{"damage":1,"enemies":"Shield and Spear","floor":55,"turns":5},{"damage":8,"enemies":"The Heart","floor":56,"turns":9}],"seed_played":"-3970983892205426059","potions_obtained":[{"floor":1,"key":"SpeedPotion"},{"floor":3,"key":"BloodPotion"},{"floor":4,"key":"SkillPotion"},{"floor":7,"key":"SteroidPotion"},{"floor":25,"key":"Dexterity Potion"},{"floor":42,"key":"SneckoOil"},{"floor":47,"key":"PowerPotion"}],"is_trial":false,"path_per_floor":["M","?","M","M","$","R","M","R","T","E","$","M","E","M","R","B",null,"M","M","?","M","M","E","R","E","T","$","M","E","M","?","R","B",null,"M","$","?","$","?","R","?","E","T","T","R","?","E","?","R","B","B",null,"R","$","E","B",null],"character_chosen":"IRONCLAD","items_purchased":["Immolate","Apotheosis","Disarm","Potion Belt","SpeedPotion","Ancient Potion","Feel No Pain+1","Membership Card","Metallicize+1","Swift Potion","Magnetism+1","Disarm","Warcry","Weak Potion","Red Skull","War Paint","SpeedPotion"],"campfire_rested":1,"item_purchase_floors":[5,5,27,36,36,36,36,38,38,38,38,54,54,54,54,54,54],"current_hp_per_floor":[50,50,54,59,59,59,58,58,58,56,56,62,57,63,63,41,67,72,74,74,54,60,66,66,56,56,56,62,68,74,18,40,34,65,57,57,63,63,63,63,63,64,64,64,64,64,70,65,65,64,51,66,66,66,71,69],"gold":110,"neow_bonus":"TWO_FIFTY_GOLD","is_prod":false,"is_daily":false,"chose_seed":false,"campfire_upgraded":4,"win_rate":0,"timestamp":1549229405,"path_taken":["M","?","M","M","$","R","M","R","T","E","?","?","E","M","R","BOSS","M","M","?","M","M","E","R","E","T","?","M","E","?","?","R","BOSS","M","$","?","$","?","R","?","E","T","?","R","?","E","?","R","BOSS","BOSS","R","$","E","BOSS"],"build_version":"2019-01-23","purchased_purges":2,"victory":true,"max_hp_per_floor":[75,75,75,75,75,75,75,75,75,75,75,75,75,75,75,75,75,75,75,75,75,75,75,75,75,75,75,75,75,75,75,75,75,75,75,75,75,75,71,71,71,71,71,71,71,71,71,71,71,71,71,71,71,71,71,71],"card_choices":[{"not_picked":["Spot Weakness","Iron Wave"],"picked":"Rampage","floor":1},{"not_picked":["Iron Wave","Flex"],"picked":"Battle Trance","floor":3},{"not_picked":["Perfected Strike","Rupture"],"picked":"Shockwave","floor":4},{"not_picked":["Anger","Clothesline"],"picked":"Shrug It Off","floor":7},{"not_picked":["Rupture","Anger"],"picked":"Body Slam","floor":10},{"not_picked":["Flex","Second Wind","Dropkick"],"picked":"SKIP","floor":12},{"not_picked":["Dual Wield","Seeing Red"],"picked":"Corruption+1","floor":13},{"not_picked":["Power Through","Heavy Blade"],"picked":"Feel No Pain+1","floor":14},{"not_picked":["Impervious","Immolate"],"picked":"Juggernaut+1","floor":16},{"not_picked":["Twin Strike+1","Whirlwind"],"picked":"Flame Barrier+1","floor":18},{"not_picked":["Bloodletting","Corruption+1","Headbutt"],"picked":"SKIP","floor":19},{"not_picked":["Sentinel","Pummel"],"picked":"Havoc","floor":21},{"not_picked":["Intimidate","Hemokinesis+1","Second Wind"],"picked":"SKIP","floor":22},{"not_picked":["Feel No Pain+1","Bludgeon"],"picked":"Shrug It Off","floor":23},{"not_picked":["Clash+1","Searing Blow"],"picked":"Battle Trance","floor":25},{"not_picked":["Heavy Blade","Twin Strike"],"picked":"Warcry+1","floor":28},{"not_picked":["Dropkick+1","Warcry","Perfected Strike"],"picked":"SKIP","floor":29},{"not_picked":["Warcry","Shockwave+1"],"picked":"Shrug It Off","floor":30},{"not_picked":["Berserk+1","Reaper"],"picked":"Fiend Fire","floor":33},{"not_picked":["Pommel Strike","Rage","Reckless Charge+1"],"picked":"SKIP","floor":35},{"not_picked":["Entrench","Heavy Blade"],"picked":"Flame Barrier","floor":37},{"not_picked":["Flex","Headbutt"],"picked":"Clothesline+1","floor":42},{"not_picked":["Iron Wave","Second Wind"],"picked":"Shrug It Off","floor":47},{"not_picked":["Perfected Strike","Rage"],"picked":"Sentinel","floor":55}],"player_experience":4649083,"relics_obtained":[{"floor":9,"key":"Self Forming Clay"},{"floor":10,"key":"Frozen Egg 2"},{"floor":13,"key":"PreservedInsect"},{"floor":23,"key":"Bronze Scales"},{"floor":25,"key":"Anchor"},{"floor":26,"key":"Oddly Smooth Stone"},{"floor":29,"key":"Happy Flower"},{"floor":37,"key":"Shovel"},{"floor":40,"key":"Ginger"},{"floor":42,"key":"Bottled Lightning"},{"floor":44,"key":"Centennial Puzzle"},{"floor":47,"key":"Singing Bowl"},{"floor":49,"key":"Torii"},{"floor":53,"key":"Gremlin Horn"},{"floor":55,"key":"Whetstone"}],"event_choices":[{"cards_removed":["Strike_R"],"damage_healed":0,"gold_gain":0,"player_choice":"Offered Basic","damage_taken":0,"max_hp_gain":0,"max_hp_loss":0,"event_name":"Bonfire Elementals","floor":2,"gold_loss":0},{"damage_healed":0,"gold_gain":0,"player_choice":"Copied","damage_taken":0,"max_hp_gain":0,"max_hp_loss":0,"event_name":"Duplicator","floor":20,"gold_loss":0,"cards_obtained":["Feel No Pain"]},{"damage_healed":0,"gold_gain":630,"player_choice":"GOLD GOLD GOLD GOLD GOLD GOLD GOLD ","damage_taken":56,"max_hp_gain":0,"max_hp_loss":0,"event_name":"Knowing Skull","floor":31,"potions_obtained":[],"gold_loss":0,"cards_obtained":[]},{"damage_healed":0,"gold_gain":0,"player_choice":"Fight","damage_taken":0,"max_hp_gain":0,"max_hp_loss":0,"event_name":"MindBloom","floor":37,"gold_loss":0},{"damage_healed":0,"gold_gain":0,"player_choice":"Max HP","damage_taken":0,"max_hp_gain":0,"max_hp_loss":4,"event_name":"Winding Halls","floor":39,"gold_loss":0},{"cards_removed":["Bash"],"damage_healed":0,"gold_gain":0,"player_choice":"Removed Attack","damage_taken":0,"max_hp_gain":0,"max_hp_loss":0,"event_name":"Falling","floor":41,"gold_loss":0},{"damage_healed":0,"gold_gain":0,"player_choice":"Ignored","damage_taken":0,"max_hp_gain":0,"max_hp_loss":0,"event_name":"Tomb of Lord Red Mask","floor":46,"gold_loss":0},{"damage_healed":0,"gold_gain":0,"player_choice":"Punched","damage_taken":5,"max_hp_gain":0,"max_hp_loss":0,"event_name":"Designer","floor":48,"gold_loss":0}],"is_beta":true,"boss_relics":[{"not_picked":["Tiny House","Busted Crown"],"picked":"Philosopher\u0027s Stone"},{"not_picked":["White Beast Statue","Coffee Dripper"],"picked":"Empty Cage"}],"items_purged_floors":[5,27],"is_endless":false,"potions_floor_spawned":[1,3,4,7,25,28,29,30,42,47],"ascension_level":20}