{"gold_per_floor":[118,129,147,147,163,163,133,161,161,181,181,195,220,220,220,293,293,313,324,324,340,1,1,20,46,124,134,134,145,163,177,177,251,251,263,2,16,26,26,26,51,51,129,144,144],"floor_reached":45,"playtime":3942,"items_purged":[],"score":987,"play_id":"8a2c448f-f445-444d-bc85-a4f6d9c3c5b7","local_time":"20190204133855","is_ascension_mode":true,"campfire_choices":[{"data":"Clothesline","floor":6,"key":"SMITH"},{"data":"Juggernaut","floor":11,"key":"SMITH"},{"data":"Metallicize","floor":15,"key":"SMITH"},{"floor":23,"key":"REST"},{"data":"Disarm","floor":28,"key":"SMITH"},{"floor":32,"key":"REST"},{"floor":40,"key":"REST"}],"neow_cost":"NONE","seed_source_timestamp":528255689253352,"circlet_count":0,"master_deck":["AscendersBane","Bash+1","Clothesline+1","Rampage","Metallicize+1","Juggernaut+1","Anger","Shockwave","Juggernaut+1","Feed","Shockwave","Barricade","Perfected Strike","Juggernaut","Feed","Dual Wield","Rupture","Feed","Whirlwind+1","Rage+1","Rage+1","Disarm+1","Shrug It Off","Warcry+1","Pommel Strike","Impervious","Shrug It Off","Shrug It Off","Rage","Seeing Red+1","Berserk","PanicButton","Dark Shackles","True Grit"],"relics":["Burning Blood","Boot","Regal Pillow","Darkstone Periapt","Pandora\u0027s Box","Membership Card","Centennial Puzzle","Nunchaku","Bottled Tornado","Runic Pyramid","Happy Flower","OrangePellets","The Courier"],"potions_floor_usage":[8,16,19,19,19,25,25,25,25,33,33,38,44],"damage_taken":[{"damage":0,"enemies":"2 Louse","floor":1,"turns":2},{"damage":7,"enemies":"Small Slimes","floor":2,"turns":4},{"damage":1,"enemies":"Cultist","floor":3,"turns":3},{"damage":3,"enemies":"Looter","floor":5,"turns":4},{"damage":21,"enemies":"Gremlin Nob","floor":8,"turns":4},{"damage":16,"enemies":"Red Slaver","floor":10,"turns":4},{"damage":17,"enemies":"Lots of Slimes","floor":12,"turns":4},{"damage":14,"enemies":"Lagavulin","floor":13,"turns":7},{"damage":20,"enemies":"Hexaghost","floor":16,"turns":8},{"damage":15,"enemies":"Chosen","floor":18,"turns":5},{"damage":54,"enemies":"Spheric Guardian","floor":19,"turns":6},{"damage":3,"enemies":"Snecko","floor":21,"turns":4},{"damage":5,"enemies":"Centurion and Healer","floor":24,"turns":6},{"damage":18,"enemies":"Book of Stabbing","floor":25,"turns":4},{"damage":17,"enemies":"Snake Plant","floor":27,"turns":7},{"damage":16,"enemies":"3 Cultists","floor":29,"turns":5},{"damage":5,"enemies":"Snecko","floor":30,"turns":5},{"damage":45,"enemies":"Chosen and Byrds","floor":31,"turns":6},{"damage":29,"enemies":"Automaton","floor":33,"turns":14},{"damage":5,"enemies":"3 Shapes","floor":35,"turns":8},{"damage":23,"enemies":"3 Darklings","floor":37,"turns":6},{"damage":38,"enemies":"Transient","floor":38,"turns":6},{"damage":7,"enemies":"Nemesis","floor":41,"turns":9},{"damage":38,"enemies":"Jaw Worm Horde","floor":44,"turns":6},{"damage":57,"enemies":"Reptomancer","floor":45,"turns":7}],"seed_played":"5503591729589496922","potions_obtained":[{"floor":5,"key":"FearPotion"},{"floor":7,"key":"PowerPotion"},{"floor":8,"key":"FearPotion"},{"floor":10,"key":"EntropicBrew"},{"floor":16,"key":"BloodPotion"},{"floor":19,"key":"EntropicBrew"},{"floor":25,"key":"SpeedPotion"},{"floor":30,"key":"Weak Potion"},{"floor":37,"key":"Energy Potion"},{"floor":44,"key":"Weak Potion"}],"is_trial":false,"path_per_floor":["M","M","M","?","M","R","?","E","T","M","R","M","E","?","R","B",null,"M","M","?","M","$","R","M","E","T","M","R","M","M","M","R","B",null,"M","$","M","M","?","R","E","?","T","M","E"],"character_chosen":"IRONCLAD","items_purchased":["Membership Card","Centennial Puzzle","Shrug It Off","Happy Flower","Rage","OrangePellets","SteroidPotion"],"campfire_rested":3,"item_purchase_floors":[22,22,22,36,36,36,36],"current_hp_per_floor":[74,73,75,75,75,75,75,60,60,50,50,39,31,31,31,17,61,52,26,26,29,29,66,70,58,58,50,50,43,47,8,49,29,75,85,85,71,39,39,84,83,73,73,47,0],"gold":144,"neow_bonus":"UPGRADE_CARD","is_prod":false,"is_daily":false,"chose_seed":false,"campfire_upgraded":4,"win_rate":0,"timestamp":1549316335,"path_taken":["M","M","M","?","M","R","?","E","T","?","R","M","E","?","R","BOSS","M","M","?","M","$","R","M","E","T","M","R","?","M","M","R","BOSS","M","?","?","M","?","R","E","?","T","M","E"],"build_version":"2019-01-23","purchased_purges":0,"victory":false,"max_hp_per_floor":[75,75,75,75,75,75,75,75,75,75,75,75,75,75,75,75,75,75,75,75,75,75,75,78,78,78,81,81,84,87,87,87,90,90,99,99,102,102,102,102,102,102,102,108,108],"card_choices":[{"not_picked":["Flex","Clash"],"picked":"Clothesline","floor":1},{"not_picked":["Whirlwind","True Grit"],"picked":"Rampage","floor":2},{"not_picked":["Twin Strike","Body Slam"],"picked":"Metallicize","floor":3},{"not_picked":["Dual Wield","Perfected Strike","Wild Strike"],"picked":"SKIP","floor":5},{"not_picked":["Thunderclap","Wild Strike"],"picked":"Juggernaut","floor":8},{"not_picked":["Armaments","Wild Strike"],"picked":"Anger","floor":10},{"not_picked":["Anger","Thunderclap"],"picked":"Shockwave","floor":12},{"not_picked":["Rampage","Anger"],"picked":"Juggernaut","floor":13},{"not_picked":["Limit Break","Exhume"],"picked":"Feed","floor":16},{"not_picked":["Wild Strike+1","Sever Soul"],"picked":"Whirlwind+1","floor":18},{"not_picked":["Dropkick","True Grit"],"picked":"Rage+1","floor":19},{"not_picked":["Havoc","Metallicize"],"picked":"Disarm","floor":21},{"not_picked":["Second Wind","Hemokinesis"],"picked":"Warcry+1","floor":24},{"not_picked":["Rupture","Whirlwind","Fiend Fire"],"picked":"SKIP","floor":25},{"not_picked":["Perfected Strike","Cleave"],"picked":"Pommel Strike","floor":27},{"not_picked":["Combust","Clothesline"],"picked":"Impervious","floor":29},{"not_picked":["Wild Strike+1","Twin Strike+1"],"picked":"Shrug It Off","floor":30},{"not_picked":["Armaments","Combust"],"picked":"Shrug It Off","floor":31},{"not_picked":["Blood for Blood","Wild Strike","Twin Strike"],"picked":"SKIP","floor":35},{"not_picked":["Heavy Blade","Anger+1"],"picked":"Seeing Red+1","floor":37},{"not_picked":["Twin Strike+1","Body Slam"],"picked":"Berserk","floor":38},{"not_picked":["Fire Breathing","Warcry","Pummel"],"picked":"SKIP","floor":41},{"not_picked":["Magnetism","Finesse"],"picked":"PanicButton","floor":42},{"not_picked":["Magnetism","Finesse"],"picked":"Dark Shackles","floor":42},{"not_picked":["Perfected Strike+1","Anger+1"],"picked":"True Grit","floor":44}],"player_experience":4661607,"relics_obtained":[{"floor":8,"key":"Boot"},{"floor":9,"key":"Regal Pillow"},{"floor":13,"key":"Darkstone Periapt"},{"floor":25,"key":"Nunchaku"},{"floor":26,"key":"Bottled Tornado"},{"floor":41,"key":"The Courier"}],"event_choices":[{"cards_removed":["Strike_R"],"damage_healed":0,"gold_gain":0,"player_choice":"Forget","damage_taken":0,"max_hp_gain":0,"max_hp_loss":0,"event_name":"Living Wall","floor":4,"gold_loss":0},{"damage_healed":0,"gold_gain":0,"player_choice":"Bought 2 Potions","damage_taken":0,"max_hp_gain":0,"max_hp_loss":0,"event_name":"The Woman in Blue","floor":7,"gold_loss":0},{"damage_healed":0,"gold_gain":0,"player_choice":"Upgraded","damage_taken":0,"max_hp_gain":0,"max_hp_loss":0,"event_name":"Upgrade Shrine","floor":14,"gold_loss":0,"cards_upgraded":["Juggernaut"]},{"damage_healed":0,"gold_gain":0,"player_choice":"Copied","damage_taken":0,"max_hp_gain":0,"max_hp_loss":0,"event_name":"Duplicator","floor":20,"gold_loss":0,"cards_obtained":["Rage"]},{"damage_healed":0,"gold_gain":0,"player_choice":"Ignored","damage_taken":0,"max_hp_gain":0,"max_hp_loss":0,"event_name":"Mysterious Sphere","floor":39,"gold_loss":0},{"damage_healed":0,"gold_gain":0,"player_choice":"Memory 3","damage_taken":10,"max_hp_gain":0,"max_hp_loss":0,"event_name":"SensoryStone","floor":42,"gold_loss":0}],"is_beta":true,"boss_relics":[{"not_picked":["White Beast Statue","Tiny House"],"picked":"Pandora\u0027s Box"},{"not_picked":["Black Star","Astrolabe"],"picked":"Runic Pyramid"}],"items_purged_floors":[],"is_endless":false,"potions_floor_spawned":[5,8,10,13,16,19,21,24,25,30,31,37,44],"killed_by":"Reptomancer","ascension_level":20}