{"gold_per_floor":[117,134,4,19,19,19,54,54,124,153,168,16,16,47,47,120,120,137,137,31,31,42,70,80,80,80,106,106,125,136,151,151,151],"floor_reached":33,"playtime":1993,"items_purged":["Strike_R","Strike_R"],"score":610,"play_id":"ecc73feb-e0cd-43fb-b1e9-6a495dd9e190","local_time":"20190209131519","is_ascension_mode":true,"campfire_choices":[{"data":"Anger","floor":6,"key":"SMITH"},{"data":"Clothesline","floor":8,"key":"SMITH"},{"data":"Immolate","floor":13,"key":"SMITH"},{"floor":15,"key":"REST"},{"floor":25,"key":"REST"},{"floor":28,"key":"REST"},{"data":"Immolate","floor":32,"key":"SMITH"}],"neow_cost":"NONE","seed_source_timestamp":51076398801063,"circlet_count":0,"master_deck":["AscendersBane","Strike_R","Strike_R","Strike_R+1","Defend_R","Defend_R","Defend_R","Defend_R","Bash+1","Anger+1","Clothesline+1","Flame Barrier","Feed+1","Pommel Strike","True Grit","Immolate+1","Immolate+1","Shrug It Off","Feel No Pain","Disarm","Thunderclap","Ghostly","Ghostly","Ghostly","RitualDagger","Seeing Red","Shrug It Off","Inflame"],"relics":["Burning Blood","Whetstone","Question Card","Shuriken","Smiling Mask","Orrery","Orichalcum","Self Forming Clay","Singing Bowl"],"potions_floor_usage":[7,10,23,27,33],"damage_taken":[{"damage":9,"enemies":"Jaw Worm","floor":1,"turns":3},{"damage":0,"enemies":"Cultist","floor":2,"turns":3},{"damage":3,"enemies":"2 Louse","floor":4,"turns":3},{"damage":18,"enemies":"Lagavulin","floor":7,"turns":6},{"damage":30,"enemies":"3 Sentries","floor":10,"turns":10},{"damage":22,"enemies":"Exordium Thugs","floor":11,"turns":4},{"damage":24,"enemies":"Gremlin Nob","floor":14,"turns":3},{"damage":25,"enemies":"Slime Boss","floor":16,"turns":10},{"damage":20,"enemies":"3 Byrds","floor":18,"turns":5},{"damage":3,"enemies":"Spheric Guardian","floor":22,"turns":5},{"damage":20,"enemies":"Slavers","floor":23,"turns":4},{"damage":27,"enemies":"Shelled Parasite and Fungi","floor":24,"turns":6},{"damage":27,"enemies":"Book of Stabbing","floor":27,"turns":7},{"damage":6,"enemies":"Snake Plant","floor":29,"turns":6},{"damage":0,"enemies":"3 Cultists","floor":30,"turns":2},{"damage":14,"enemies":"Snecko","floor":31,"turns":7},{"damage":42,"enemies":"Collector","floor":33,"turns":7}],"seed_played":"7265862684150433641","potions_obtained":[{"floor":2,"key":"Swift Potion"},{"floor":7,"key":"Energy Potion"},{"floor":27,"key":"SneckoOil"},{"floor":29,"key":"SkillPotion"}],"is_trial":false,"path_per_floor":["M","M","$","M","?","R","E","R","T","E","M","$","R","E","R","B",null,"M","?","$","?","M","E","M","R","T","E","R","M","M","M","R","B"],"character_chosen":"IRONCLAD","items_purchased":["AttackPotion","Immolate","AttackPotion"],"campfire_rested":3,"item_purchase_floors":[3,12,20],"current_hp_per_floor":[65,71,71,74,79,79,67,67,67,43,31,31,31,13,38,19,68,58,44,44,38,45,31,14,29,29,10,26,28,34,32,32,0],"gold":151,"neow_bonus":"UPGRADE_CARD","is_prod":false,"is_daily":false,"chose_seed":false,"campfire_upgraded":4,"win_rate":0,"timestamp":1549746919,"path_taken":["M","M","$","M","?","R","E","R","T","E","M","?","R","E","R","BOSS","M","?","$","?","M","E","M","R","T","E","R","?","M","M","R","BOSS"],"build_version":"2019-02-06","purchased_purges":2,"victory":false,"max_hp_per_floor":[75,75,75,75,80,80,80,80,80,80,84,84,84,84,84,84,84,88,44,44,44,48,48,52,52,52,54,54,56,56,62,62,62],"card_choices":[{"not_picked":["True Grit","Iron Wave"],"picked":"Anger","floor":1},{"not_picked":["Heavy Blade","Rupture"],"picked":"Clothesline","floor":2},{"not_picked":["Cleave","Pommel Strike"],"picked":"Flame Barrier","floor":4},{"not_picked":["Thunderclap","Wild Strike"],"picked":"Feed","floor":7},{"not_picked":["Sword Boomerang","Wild Strike","Searing Blow"],"picked":"Pommel Strike","floor":10},{"not_picked":["Infernal Blade","Clash","Clothesline"],"picked":"True Grit","floor":11},{"not_picked":["Sever Soul","Havoc","Anger","Blood for Blood"],"picked":"SKIP","floor":14},{"not_picked":["Double Tap","Demon Form","Brutality"],"picked":"Immolate","floor":16},{"not_picked":["Dropkick","Bloodletting","Heavy Blade"],"picked":"Shrug It Off","floor":17},{"not_picked":["Sentinel","Ghostly Armor","Perfected Strike"],"picked":"Feel No Pain","floor":17},{"not_picked":["Armaments","Flex","Cleave"],"picked":"Disarm","floor":17},{"not_picked":["Inflame","Sword Boomerang","Havoc"],"picked":"Thunderclap","floor":17},{"not_picked":["Wild Strike","Armaments","Searing Blow","Anger"],"picked":"SKIP","floor":18},{"not_picked":["Flex","Shrug It Off","Dark Embrace"],"picked":"Seeing Red","floor":22},{"not_picked":["Sword Boomerang","Body Slam","Cleave"],"picked":"Shrug It Off","floor":23},{"not_picked":["Iron Wave","Anger+1","Twin Strike","Clothesline"],"picked":"SKIP","floor":24},{"not_picked":["Bloodletting","Thunderclap+1","Body Slam","Heavy Blade"],"picked":"Singing Bowl","floor":27},{"not_picked":["Body Slam","Flex","Clash","Armaments"],"picked":"Singing Bowl","floor":29},{"not_picked":["Headbutt+1","Rupture","Thunderclap+1"],"picked":"Inflame","floor":30},{"not_picked":["Wild Strike","Shockwave","Twin Strike","Double Tap"],"picked":"Singing Bowl","floor":31}],"player_experience":4746739,"relics_obtained":[{"floor":7,"key":"Whetstone"},{"floor":9,"key":"Question Card"},{"floor":10,"key":"Shuriken"},{"floor":14,"key":"Smiling Mask"},{"floor":23,"key":"Orichalcum"},{"floor":26,"key":"Self Forming Clay"},{"floor":27,"key":"Singing Bowl"}],"event_choices":[{"damage_healed":0,"gold_gain":0,"player_choice":"Donut","damage_taken":0,"max_hp_gain":5,"max_hp_loss":0,"event_name":"Big Fish","floor":5,"gold_loss":0},{"damage_healed":0,"gold_gain":0,"player_choice":"Became a Ghost","damage_taken":0,"max_hp_gain":0,"max_hp_loss":44,"event_name":"Ghosts","floor":19,"gold_loss":0,"cards_obtained":["Ghostly","Ghostly","Ghostly"]},{"damage_healed":0,"gold_gain":0,"player_choice":"Joined the Cult","damage_taken":6,"max_hp_gain":0,"max_hp_loss":0,"event_name":"Nest","floor":21,"gold_loss":0,"cards_obtained":["RitualDagger"]}],"is_beta":true,"boss_relics":[{"not_picked":["Black Blood","Mark of Pain"],"picked":"Orrery"}],"items_purged_floors":[3,20],"is_endless":false,"potions_floor_spawned":[2,4,7,22,27,29],"killed_by":"Collector","ascension_level":20}