{"gold_per_floor":[366,366,379,25,35,70,70,103,103,122,141,141,141,141,141,218,218,238,238,249,249,269,269,288,288],"floor_reached":25,"playtime":1318,"items_purged":["Strike_B"],"score":426,"play_id":"10b23920-61a9-4a95-a7c2-b157d6eb4ed4","local_time":"20190208133438","is_ascension_mode":true,"campfire_choices":[{"data":"Zap","floor":7,"key":"SMITH"},{"data":"Defragment","floor":13,"key":"SMITH"},{"floor":15,"key":"REST"},{"floor":23,"key":"REST"}],"neow_cost":"TEN_PERCENT_HP_LOSS","seed_source_timestamp":143260402393566,"circlet_count":0,"master_deck":["AscendersBane","Strike_B","Strike_B","Defend_B","Defend_B","Defend_B","Defend_B+1","Zap+1","Dualcast","Conserve Battery+1","Defragment+1","Loop","Ball Lightning","Coolheaded","Cold Snap","Creative AI","Recycle+1","Tempest+1","Pain","Genetic Algorithm","Core Surge"],"relics":["Cracked Core","DataDisk","Bag of Marbles","Bottled Tornado","Runic Pyramid","Mercury Hourglass","WarpedTongs"],"potions_floor_usage":[6,11,16,22,25],"damage_taken":[{"damage":2,"enemies":"Jaw Worm","floor":1,"turns":3},{"damage":0,"enemies":"2 Louse","floor":3,"turns":3},{"damage":0,"enemies":"Cultist","floor":5,"turns":3},{"damage":1,"enemies":"Gremlin Nob","floor":6,"turns":3},{"damage":15,"enemies":"Lagavulin","floor":8,"turns":5},{"damage":4,"enemies":"Looter","floor":10,"turns":3},{"damage":0,"enemies":"Lots of Slimes","floor":11,"turns":4},{"damage":14,"enemies":"Slime Boss","floor":16,"turns":8},{"damage":8,"enemies":"3 Byrds","floor":18,"turns":5},{"damage":0,"enemies":"Spheric Guardian","floor":20,"turns":3},{"damage":24,"enemies":"Snake Plant","floor":22,"turns":2},{"damage":26,"enemies":"Centurion and Healer","floor":24,"turns":10},{"damage":21,"enemies":"Shelled Parasite and Fungi","floor":25,"turns":1}],"seed_played":"-253086006391077997","potions_obtained":[{"floor":1,"key":"Strength Potion"},{"floor":3,"key":"FocusPotion"},{"floor":6,"key":"Block Potion"},{"floor":16,"key":"Poison Potion"},{"floor":18,"key":"SteroidPotion"}],"is_trial":false,"path_per_floor":["M","?","M","$","M","E","R","E","T","M","M","?","R","?","R","B",null,"M","?","M","?","M","R","M","M"],"character_chosen":"DEFECT","items_purchased":["Rip and Tear","DataDisk","Defragment"],"campfire_rested":2,"item_purchase_floors":[4,4,4],"current_hp_per_floor":[62,43,43,43,43,42,42,27,27,23,23,16,16,16,35,21,53,45,45,45,45,21,40,14,0],"gold":288,"neow_bonus":"TWO_FIFTY_GOLD","is_prod":false,"is_daily":false,"chose_seed":false,"campfire_upgraded":2,"win_rate":0,"timestamp":1549661678,"path_taken":["M","?","M","$","M","E","R","E","T","M","M","?","R","?","R","BOSS","M","?","?","?","?","R","M","M"],"build_version":"2019-02-06","purchased_purges":1,"victory":false,"max_hp_per_floor":[64,64,64,64,64,64,64,64,64,64,64,64,64,64,64,64,64,64,64,64,64,64,64,64,64],"card_choices":[{"not_picked":["Skim","Lockon"],"picked":"Conserve Battery","floor":1},{"not_picked":["Hologram","Steam","Leap"],"picked":"SKIP","floor":3},{"not_picked":["Reprogram","Hologram"],"picked":"Loop","floor":5},{"not_picked":["Barrage","Compile Driver"],"picked":"Ball Lightning","floor":6},{"not_picked":["Hologram","Machine Learning"],"picked":"Coolheaded","floor":8},{"not_picked":["Go for the Eyes","Stack","Double Energy"],"picked":"SKIP","floor":10},{"not_picked":["Sweeping Beam","Go for the Eyes"],"picked":"Cold Snap","floor":11},{"not_picked":["Reboot","All For One"],"picked":"Creative AI","floor":16},{"not_picked":["Glacier","Blizzard"],"picked":"Recycle+1","floor":18},{"not_picked":["Compile Driver","Beam Cell+1"],"picked":"Tempest+1","floor":20},{"not_picked":["Compile Driver","Capacitor"],"picked":"Genetic Algorithm","floor":22},{"not_picked":["Darkness","Leap"],"picked":"Core Surge","floor":24}],"player_experience":4721295,"relics_obtained":[{"floor":6,"key":"Bag of Marbles"},{"floor":8,"key":"Bottled Tornado"}],"event_choices":[{"damage_healed":0,"gold_gain":0,"player_choice":"Entered Light","damage_taken":19,"max_hp_gain":0,"max_hp_loss":0,"event_name":"Shining Light","floor":2,"gold_loss":0,"cards_upgraded":["Defend_B","Conserve Battery"]},{"cards_removed":["Strike_B"],"damage_healed":0,"gold_gain":0,"player_choice":"Card Removal","damage_taken":7,"max_hp_gain":0,"max_hp_loss":0,"event_name":"Golden Wing","floor":12,"gold_loss":0},{"damage_healed":0,"gold_gain":0,"player_choice":"Ignored","damage_taken":0,"max_hp_gain":0,"max_hp_loss":0,"event_name":"Liars Game","floor":14,"gold_loss":0},{"cards_removed":["Rip and Tear"],"damage_healed":0,"gold_gain":0,"player_choice":"Gave Card","damage_taken":0,"relics_obtained":["Mercury Hourglass"],"max_hp_gain":0,"max_hp_loss":0,"event_name":"WeMeetAgain","floor":19,"gold_loss":0},{"damage_healed":0,"gold_gain":0,"player_choice":"Rummage","damage_taken":0,"relics_obtained":["WarpedTongs"],"max_hp_gain":0,"max_hp_loss":0,"event_name":"Accursed Blacksmith","floor":21,"gold_loss":0,"cards_obtained":["Pain"]}],"is_beta":true,"boss_relics":[{"not_picked":["Sozu","Nuclear Battery"],"picked":"Runic Pyramid"}],"items_purged_floors":[4],"is_endless":false,"potions_floor_spawned":[1,3,6,16,18,20],"killed_by":"Shelled Parasite and Fungi","ascension_level":20}