{"gold_per_floor":[114,114,39,56,67,67,94,112,112,130,130,148,168,202,202,275,275,294,209,209,20,33,33,50,82,107,7,7,36,55,88,88,162,162,179,197,208,208,218,218,253,253,253,279,169,189,204,224,224,224,224],"floor_reached":51,"playtime":3542,"items_purged":["Strike_B","Strike_B"],"score":1608,"play_id":"ad7d8cbe-7fdc-4a7c-9db3-b5fb1009be71","local_time":"20190201191204","is_ascension_mode":true,"campfire_choices":[{"data":"Zap","floor":6,"key":"SMITH"},{"floor":11,"key":"REST"},{"data":"Barrage","floor":15,"key":"SMITH"},{"data":"Biased Cognition","floor":23,"key":"SMITH"},{"data":"Go for the Eyes","floor":28,"key":"SMITH"},{"data":"Capacitor","floor":32,"key":"SMITH"},{"floor":40,"key":"REST"},{"floor":42,"key":"REST"},{"floor":49,"key":"RECALL"}],"neow_cost":"NONE","seed_source_timestamp":289447895564823,"circlet_count":0,"master_deck":["AscendersBane","Defend_B","Defend_B","Defend_B","Defend_B","Zap+1","Dualcast","Ball Lightning","Barrage+1","Go for the Eyes+1","Cold Snap","Self Repair","Leap","Biased Cognition+1","Sweeping Beam+1","Coolheaded","Coolheaded","Seek","Conserve Battery+1","Capacitor+1","Core Surge","Electrodynamics","Sunder+1","Blizzard","Dark Shackles","Master of Strategy","Biased Cognition","Consume+1","Hologram","Hologram"],"relics":["Cracked Core","Turnip","Letter Opener","Odd Mushroom","Shuriken","Philosopher\u0027s Stone","StoneCalendar","PreservedInsect","Dodecahedron","Anchor","Smiling Mask","Happy Flower","Snecko Eye","Pear","Symbiotic Virus"],"potions_floor_usage":[7,13,16,24,25,31,46,50,50],"damage_taken":[{"damage":9,"enemies":"2 Louse","floor":1,"turns":4},{"damage":0,"enemies":"Cultist","floor":4,"turns":3},{"damage":12,"enemies":"Jaw Worm","floor":5,"turns":2},{"damage":25,"enemies":"3 Sentries","floor":7,"turns":5},{"damage":0,"enemies":"Large Slime","floor":8,"turns":4},{"damage":6,"enemies":"Blue Slaver","floor":10,"turns":3},{"damage":0,"enemies":"Red Slaver","floor":12,"turns":3},{"damage":6,"enemies":"The Mushroom Lair","floor":13,"turns":4},{"damage":16,"enemies":"Lagavulin","floor":14,"turns":7},{"damage":10,"enemies":"The Guardian","floor":16,"turns":9},{"damage":18,"enemies":"Spheric Guardian","floor":18,"turns":4},{"damage":13,"enemies":"Shell Parasite","floor":22,"turns":5},{"damage":5,"enemies":"Cultist and Chosen","floor":24,"turns":4},{"damage":14,"enemies":"Book of Stabbing","floor":25,"turns":4},{"damage":15,"enemies":"Slavers","floor":29,"turns":4},{"damage":5,"enemies":"Shelled Parasite and Fungi","floor":30,"turns":5},{"damage":27,"enemies":"Book of Stabbing","floor":31,"turns":5},{"damage":0,"enemies":"Champ","floor":33,"turns":11},{"damage":19,"enemies":"3 Darklings","floor":35,"turns":3},{"damage":10,"enemies":"3 Shapes","floor":36,"turns":4},{"damage":9,"enemies":"3 Darklings","floor":37,"turns":3},{"damage":0,"enemies":"Sphere and 2 Shapes","floor":39,"turns":3},{"damage":47,"enemies":"Nemesis","floor":41,"turns":7},{"damage":32,"enemies":"Reptomancer","floor":44,"turns":6},{"damage":14,"enemies":"Maw","floor":46,"turns":7},{"damage":1,"enemies":"Transient","floor":47,"turns":6},{"damage":0,"enemies":"3 Darklings","floor":48,"turns":3},{"damage":13,"enemies":"Awakened One","floor":50,"turns":34},{"damage":11,"enemies":"Time Eater","floor":51,"turns":11}],"seed_played":"-7829872857878143611","potions_obtained":[{"floor":4,"key":"AttackPotion"},{"floor":10,"key":"Block Potion"},{"floor":14,"key":"FearPotion"},{"floor":16,"key":"PowerPotion"},{"floor":18,"key":"SpeedPotion"},{"floor":22,"key":"Regen Potion"},{"floor":30,"key":"Regen Potion"},{"floor":36,"key":"Strength Potion"},{"floor":41,"key":"Dexterity Potion"},{"floor":44,"key":"GamblersBrew"},{"floor":47,"key":"Block Potion"}],"is_trial":false,"path_per_floor":["M","?","$","M","M","R","E","M","T","M","R","M","?","E","R","B",null,"M","?","?","$","M","R","M","E","T","$","R","E","M","E","R","B",null,"M","M","M","?","M","R","E","R","T","E","?","M","M","M","R","B","B"],"character_chosen":"DEFECT","items_purchased":["Coolheaded","PreservedInsect"],"campfire_rested":3,"item_purchase_floors":[21,21],"current_hp_per_floor":[62,62,62,62,50,50,25,25,25,19,42,49,50,41,41,38,68,57,57,57,57,51,51,53,58,58,58,58,50,52,46,46,53,72,60,57,48,38,38,61,31,57,57,25,25,18,17,17,17,11,0],"gold":224,"neow_bonus":"TEN_PERCENT_HP_BONUS","is_prod":false,"is_daily":false,"chose_seed":false,"campfire_upgraded":5,"win_rate":0,"timestamp":1549077124,"path_taken":["M","?","$","M","M","R","E","?","T","M","R","M","?","E","R","BOSS","M","?","?","?","?","R","M","E","T","$","R","E","M","E","R","BOSS","M","M","M","?","M","R","E","R","T","E","?","M","M","?","R","BOSS","BOSS"],"build_version":"2019-01-23","purchased_purges":2,"victory":false,"max_hp_per_floor":[78,78,78,78,78,78,78,78,78,78,78,78,78,78,78,78,78,78,78,78,78,78,78,78,78,78,78,78,78,78,78,78,78,78,78,78,78,78,78,78,88,88,88,88,88,88,88,88,88,88,88],"card_choices":[{"not_picked":["Rebound","Coolheaded"],"picked":"Ball Lightning","floor":1},{"not_picked":["Leap","Recycle"],"picked":"Barrage","floor":4},{"not_picked":["Darkness","Force Field"],"picked":"Go for the Eyes","floor":5},{"not_picked":["Reprogram","Steam Power"],"picked":"Cold Snap","floor":7},{"not_picked":["Hello World","Streamline","Sweeping Beam"],"picked":"SKIP","floor":8},{"not_picked":["Cold Snap","Beam Cell"],"picked":"Self Repair","floor":10},{"not_picked":["Sweeping Beam","Hello World","Barrage"],"picked":"SKIP","floor":12},{"not_picked":["Consume","Ball Lightning"],"picked":"Leap","floor":13},{"not_picked":["Cold Snap","Go for the Eyes","Turbo"],"picked":"SKIP","floor":14},{"not_picked":["Reboot","Seek"],"picked":"Biased Cognition","floor":16},{"not_picked":["Barrage","Cold Snap"],"picked":"Sweeping Beam","floor":18},{"not_picked":["Scrape","Stack","Auto Shields"],"picked":"SKIP","floor":22},{"not_picked":["Beam Cell","Barrage"],"picked":"Coolheaded","floor":24},{"not_picked":["Redo","Coolheaded"],"picked":"Seek","floor":25},{"not_picked":["Leap","Go for the Eyes"],"picked":"Conserve Battery+1","floor":29},{"not_picked":["Steam+1","Cold Snap"],"picked":"Capacitor","floor":30},{"not_picked":["Conserve Battery","Gash"],"picked":"Core Surge","floor":31},{"not_picked":["Machine Learning","Thunder Strike"],"picked":"Electrodynamics","floor":33},{"not_picked":["Doom and Gloom","Cold Snap"],"picked":"Sunder+1","floor":35},{"not_picked":["Compile Driver","Rebound+1"],"picked":"Blizzard","floor":36},{"not_picked":["Steam","Sweeping Beam","Redo+1"],"picked":"SKIP","floor":37},{"not_picked":["Finesse","Discovery"],"picked":"Dark Shackles","floor":38},{"not_picked":["PanicButton","Flash of Steel"],"picked":"Master of Strategy","floor":38},{"not_picked":["Heatsinks","Beam Cell","Sweeping Beam+1"],"picked":"SKIP","floor":39},{"not_picked":["Sunder+1","Hologram"],"picked":"Biased Cognition","floor":41},{"not_picked":["Sunder+1","Compile Driver+1"],"picked":"Consume+1","floor":44},{"not_picked":["Steam+1","Streamline","Compile Driver"],"picked":"SKIP","floor":46},{"not_picked":["Redo+1","Rebound"],"picked":"Hologram","floor":47},{"not_picked":["Cold Snap","Rip and Tear+1"],"picked":"Hologram","floor":48}],"player_experience":4645541,"relics_obtained":[{"floor":7,"key":"Turnip"},{"floor":9,"key":"Letter Opener"},{"floor":13,"key":"Odd Mushroom"},{"floor":14,"key":"Shuriken"},{"floor":25,"key":"Dodecahedron"},{"floor":26,"key":"Anchor"},{"floor":29,"key":"Smiling Mask"},{"floor":31,"key":"Happy Flower"},{"floor":41,"key":"Pear"},{"floor":44,"key":"Symbiotic Virus"}],"event_choices":[{"cards_removed":["Strike_B"],"damage_healed":0,"gold_gain":0,"player_choice":"Offered Basic","damage_taken":0,"max_hp_gain":0,"max_hp_loss":0,"event_name":"Bonfire Elementals","floor":2,"gold_loss":0},{"damage_healed":0,"gold_gain":0,"player_choice":"Fought Mushrooms","damage_taken":0,"max_hp_gain":0,"max_hp_loss":0,"event_name":"Mushrooms","floor":13,"gold_loss":0},{"damage_healed":0,"gold_gain":0,"player_choice":"Obtained Relic","damage_taken":0,"relics_obtained":["StoneCalendar"],"max_hp_gain":0,"max_hp_loss":0,"event_name":"Addict","floor":19,"gold_loss":85},{"damage_healed":0,"gold_gain":0,"player_choice":"Ignored","damage_taken":0,"max_hp_gain":0,"max_hp_loss":0,"event_name":"Vampires","floor":20,"gold_loss":0},{"damage_healed":0,"gold_gain":0,"player_choice":"Memory 3","damage_taken":10,"max_hp_gain":0,"max_hp_loss":0,"event_name":"SensoryStone","floor":38,"gold_loss":0},{"cards_removed":["Strike_B"],"damage_healed":0,"gold_gain":0,"player_choice":"Upgrade and Remove","damage_taken":0,"max_hp_gain":0,"max_hp_loss":0,"event_name":"Designer","floor":45,"gold_loss":110,"cards_upgraded":["Sweeping Beam"]}],"is_beta":true,"boss_relics":[{"not_picked":["Empty Cage","Eternal Feather"],"picked":"Philosopher\u0027s Stone"},{"not_picked":["Coffee Dripper","Sozu"],"picked":"Snecko Eye"}],"items_purged_floors":[3,27],"is_endless":false,"potions_floor_spawned":[4,10,14,16,18,22,30,36,41,44,47,48],"killed_by":"Time Eater","ascension_level":20}