{"gold_per_floor":[116,128,128,152,106,106,141,164,164,178,178,221,8,31,31,121,121,145,145,159,183,183],"floor_reached":22,"playtime":1667,"items_purged":[],"score":496,"play_id":"514c8840-e0b2-44bf-b6ec-6f455bbc1e4f","local_time":"20190204140726","is_ascension_mode":true,"campfire_choices":[{"data":"Neutralize","floor":6,"key":"SMITH"},{"floor":11,"key":"REST"},{"data":"Envenom","floor":15,"key":"SMITH"}],"neow_cost":"PERCENT_DAMAGE","seed_source_timestamp":532239871732220,"circlet_count":0,"master_deck":["AscendersBane","Defend_G","Defend_G","Defend_G","Defend_G","Defend_G","Strike_G","Strike_G","Survivor","Neutralize+1","Envenom+1","Flying Knee","Poisoned Stab","Dagger Throw","Dagger Throw+1","Sucker Punch+1","Well Laid Plans","Cloak And Dagger","PiercingWail","Malaise","Endless Agony+1","Underhanded Strike+1","Blade Dance+1","Catalyst+1","Dagger Throw+1","Escape Plan"],"relics":["Ring of the Snake","Golden Idol","Molten Egg 2","Ninja Scroll","Question Card","Snake Skull","Astrolabe"],"potions_floor_usage":[7,12,16,21,22],"damage_taken":[{"damage":1,"enemies":"2 Louse","floor":1,"turns":4},{"damage":4,"enemies":"Small Slimes","floor":2,"turns":3},{"damage":0,"enemies":"Cultist","floor":4,"turns":3},{"damage":32,"enemies":"3 Sentries","floor":7,"turns":8},{"damage":0,"enemies":"Blue Slaver","floor":8,"turns":3},{"damage":5,"enemies":"3 Louse","floor":10,"turns":3},{"damage":11,"enemies":"Lagavulin","floor":12,"turns":5},{"damage":0,"enemies":"Exordium Thugs","floor":14,"turns":3},{"damage":0,"enemies":"Hexaghost","floor":16,"turns":6},{"damage":7,"enemies":"Chosen","floor":18,"turns":5},{"damage":6,"enemies":"2 Thieves","floor":20,"turns":4},{"damage":19,"enemies":"Cultist and Chosen","floor":21,"turns":7},{"damage":30,"enemies":"Sentry and Sphere","floor":22,"turns":5}],"seed_played":"-4278752982354092854","potions_obtained":[{"floor":2,"key":"GamblersBrew"},{"floor":8,"key":"EssenceOfSteel"},{"floor":12,"key":"AttackPotion"},{"floor":14,"key":"Explosive Potion"},{"floor":16,"key":"Ancient Potion"},{"floor":18,"key":"Fruit Juice"}],"is_trial":false,"path_per_floor":["M","M","?","M","?","R","E","M","T","M","R","E","$","M","R","B",null,"M","?","M","M","M"],"character_chosen":"THE_SILENT","items_purchased":["Snake Skull","Cloak And Dagger"],"campfire_rested":1,"item_purchase_floors":[13,13],"current_hp_per_floor":[43,39,39,39,39,39,7,7,7,2,20,9,9,9,9,9,47,40,40,34,15,0],"gold":183,"neow_bonus":"THREE_RARE_CARDS","is_prod":false,"is_daily":false,"chose_seed":false,"campfire_upgraded":2,"win_rate":0,"timestamp":1549318046,"path_taken":["M","M","?","M","?","R","E","M","T","M","R","E","$","M","R","BOSS","M","?","?","M","M"],"build_version":"2019-01-23","purchased_purges":0,"victory":false,"max_hp_per_floor":[66,66,60,60,60,60,60,60,60,60,60,60,60,60,60,60,60,60,60,60,60,65],"card_choices":[{"not_picked":["Venomology","Tools of the Trade"],"picked":"Envenom","floor":0},{"not_picked":["Deflect","Prepared"],"picked":"Flying Knee","floor":1},{"not_picked":["Cloak And Dagger","Backflip"],"picked":"Poisoned Stab","floor":2},{"not_picked":["Sucker Punch","Riddle With Holes"],"picked":"Dagger Throw","floor":4},{"not_picked":["Blade Dance","Bullet Time"],"picked":"Dagger Throw","floor":7},{"not_picked":["Prepared","Concentrate"],"picked":"Sucker Punch+1","floor":8},{"not_picked":["Bane+1","Underhanded Strike+1","Blade Dance"],"picked":"SKIP","floor":10},{"not_picked":["Prepared","Choke+1"],"picked":"Well Laid Plans","floor":12},{"not_picked":["Caltrops","Slice+1","Acrobatics"],"picked":"PiercingWail","floor":14},{"not_picked":["A Thousand Cuts","Unload+1","Doppelganger"],"picked":"Malaise","floor":16},{"not_picked":["Quick Slash+1","Masterful Stab+1","Poisoned Stab+1"],"picked":"Catalyst","floor":18},{"not_picked":["Outmaneuver","Eviscerate+1","Endless Agony+1"],"picked":"Dagger Throw+1","floor":20},{"not_picked":["Deadly Poison","Masterful Stab+1","Outmaneuver"],"picked":"Escape Plan","floor":21}],"player_experience":4665549,"relics_obtained":[{"floor":7,"key":"Molten Egg 2"},{"floor":9,"key":"Ninja Scroll"},{"floor":12,"key":"Question Card"}],"event_choices":[{"damage_healed":0,"gold_gain":0,"player_choice":"Lose Max HP","damage_taken":0,"relics_obtained":["Golden Idol"],"max_hp_gain":0,"max_hp_loss":6,"event_name":"Golden Idol","floor":3,"gold_loss":0},{"damage_healed":0,"gold_gain":0,"player_choice":"Left Gold","damage_taken":0,"max_hp_gain":0,"max_hp_loss":0,"event_name":"World of Goop","floor":5,"gold_loss":46},{"damage_healed":0,"gold_gain":0,"player_choice":"Upgraded","damage_taken":0,"max_hp_gain":0,"max_hp_loss":0,"event_name":"Upgrade Shrine","floor":19,"gold_loss":0,"cards_upgraded":["Catalyst"]}],"is_beta":true,"boss_relics":[{"not_picked":["Pandora\u0027s Box","WristBlade"],"picked":"Astrolabe"}],"items_purged_floors":[],"is_endless":false,"potions_floor_spawned":[2,8,12,14,16,18],"killed_by":"Sentry and Sphere","ascension_level":20}