{"gold_per_floor":[115,115,129,204,54,88,88,115,115,128,161,161,161,176,176,247,247,262,262,281,281,334,334],"floor_reached":23,"playtime":1425,"items_purged":["Strike_G"],"score":468,"play_id":"e97fc9af-bd35-47be-8efa-4c9d9057095b","local_time":"20190211194007","is_ascension_mode":true,"campfire_choices":[{"floor":7,"key":"REST"},{"floor":13,"key":"REST"},{"floor":15,"key":"REST"}],"neow_cost":"NONE","seed_source_timestamp":98403325170398,"circlet_count":0,"master_deck":["AscendersBane","Defend_G","Defend_G","Defend_G","Defend_G","Defend_G","Strike_G+1","Strike_G","Strike_G","Strike_G+1","Survivor","Neutralize","Quick Slash","Deadly Poison","Footwork","Poisoned Stab","Crippling Poison+1","Cloak And Dagger","Catalyst","Night Terror","Catalyst","PiercingWail"],"relics":["Ring of the Snake","NeowsBlessing","Singing Bowl","Smiling Mask","Sundial","Vajra","Runic Pyramid","Tiny Chest"],"potions_floor_usage":[8,11,12,21,21],"damage_taken":[{"damage":0,"enemies":"Jaw Worm","floor":1,"turns":1},{"damage":0,"enemies":"Small Slimes","floor":3,"turns":1},{"damage":0,"enemies":"3 Sentries","floor":6,"turns":1},{"damage":29,"enemies":"Gremlin Nob","floor":8,"turns":4},{"damage":6,"enemies":"2 Louse","floor":10,"turns":2},{"damage":28,"enemies":"Lagavulin","floor":11,"turns":8},{"damage":0,"enemies":"Gremlin Gang","floor":12,"turns":1},{"damage":8,"enemies":"Large Slime","floor":14,"turns":8},{"damage":15,"enemies":"Hexaghost","floor":16,"turns":9},{"damage":10,"enemies":"Shell Parasite","floor":18,"turns":6},{"damage":31,"enemies":"2 Thieves","floor":20,"turns":5},{"damage":12,"enemies":"Colosseum Slavers","floor":21,"turns":6},{"damage":18,"enemies":"Book of Stabbing","floor":23,"turns":1}],"seed_played":"-8343137235486018001","potions_obtained":[{"floor":3,"key":"Poison Potion"},{"floor":6,"key":"SmokeBomb"},{"floor":10,"key":"Regen Potion"},{"floor":16,"key":"Poison Potion"},{"floor":20,"key":"FearPotion"}],"is_trial":false,"path_per_floor":["M","?","M","?","$","E","R","E","T","M","E","M","R","M","R","B",null,"M","?","M","?","T","E"],"character_chosen":"THE_SILENT","items_purchased":["Footwork"],"campfire_rested":3,"item_purchase_floors":[5],"current_hp_per_floor":[59,39,39,28,28,28,47,18,18,14,1,1,21,13,33,18,56,46,46,15,3,3,0],"gold":334,"neow_bonus":"THREE_ENEMY_KILL","is_prod":false,"is_daily":false,"chose_seed":false,"campfire_upgraded":0,"win_rate":0,"timestamp":1549942807,"path_taken":["M","?","M","?","$","E","R","E","T","M","E","?","R","M","R","BOSS","M","?","?","?","?","E"],"build_version":"2019-02-06","purchased_purges":1,"victory":false,"max_hp_per_floor":[66,66,66,66,66,66,66,66,66,68,68,68,68,68,68,68,68,68,68,68,68,68,68],"card_choices":[{"not_picked":["Flying Knee","Backflip"],"picked":"Quick Slash","floor":1},{"not_picked":["Cloak And Dagger","Catalyst"],"picked":"Deadly Poison","floor":3},{"not_picked":["Dagger Throw","Dodge and Roll"],"picked":"Poisoned Stab","floor":6},{"not_picked":["Night Terror","Riddle With Holes"],"picked":"Crippling Poison","floor":8},{"not_picked":["Poisoned Stab","Blade Dance","Underhanded Strike"],"picked":"Singing Bowl","floor":10},{"not_picked":["Slice","Skewer"],"picked":"Cloak And Dagger","floor":11},{"not_picked":["Dagger Throw","Slice"],"picked":"Catalyst","floor":14},{"not_picked":["Phantasmal Killer","Bullet Time"],"picked":"Night Terror","floor":16},{"not_picked":["Eviscerate","Underhanded Strike+1"],"picked":"Catalyst","floor":18},{"not_picked":["Deflect","Caltrops"],"picked":"PiercingWail","floor":20}],"player_experience":4755449,"relics_obtained":[{"floor":6,"key":"Singing Bowl"},{"floor":8,"key":"Smiling Mask"},{"floor":9,"key":"Sundial"},{"floor":11,"key":"Vajra"},{"floor":22,"key":"Tiny Chest"}],"event_choices":[{"damage_healed":0,"gold_gain":0,"player_choice":"Entered Light","damage_taken":20,"max_hp_gain":0,"max_hp_loss":0,"event_name":"Shining Light","floor":2,"gold_loss":0,"cards_upgraded":["Strike_G","Strike_G"]},{"damage_healed":0,"gold_gain":75,"player_choice":"Gather Gold","damage_taken":11,"max_hp_gain":0,"max_hp_loss":0,"event_name":"World of Goop","floor":4,"gold_loss":0},{"damage_healed":0,"gold_gain":0,"player_choice":"Upgraded","damage_taken":0,"max_hp_gain":0,"max_hp_loss":0,"event_name":"Upgrade Shrine","floor":19,"gold_loss":0,"cards_upgraded":["Crippling Poison"]},{"damage_healed":0,"gold_gain":0,"player_choice":"Fight","damage_taken":0,"max_hp_gain":0,"max_hp_loss":0,"event_name":"Colosseum","floor":21,"gold_loss":0},{"damage_healed":0,"gold_gain":0,"player_choice":"Fled From Nobs","damage_taken":0,"max_hp_gain":0,"max_hp_loss":0,"event_name":"Colosseum","floor":21,"gold_loss":0}],"is_beta":true,"boss_relics":[{"not_picked":["Velvet Choker","Runic Dome"],"picked":"Runic Pyramid"}],"items_purged_floors":[5],"is_endless":false,"potions_floor_spawned":[3,6,10,16,20,21],"killed_by":"Book of Stabbing","ascension_level":20}