{"gold_per_floor":[109,109,125,125,140,140,170,170,196,231,231,259,184,198,198,274,274,287,287,314,314,334,334,348,398,398,430,114,114,124,135,135,210,210,226,243,243,243,118,118,144,157,183,209,219,441,441,461,461,461,461,461,461,78,106,106],"floor_reached":57,"playtime":4411,"items_purged":["Strike_G","Strike_G","Strike_G+1"],"score":2771,"play_id":"e0ac5839-a8a4-4eb1-b630-012d607bda48","local_time":"20190206160921","is_ascension_mode":true,"campfire_choices":[{"data":"Deadly Poison","floor":6,"key":"SMITH"},{"floor":8,"key":"REST"},{"floor":15,"key":"REST"},{"floor":23,"key":"REST"},{"data":"Catalyst","floor":29,"key":"SMITH"},{"data":"Footwork","floor":32,"key":"SMITH"},{"data":"Well Laid Plans","floor":40,"key":"SMITH"},{"floor":47,"key":"RECALL"},{"data":"Malaise","floor":49,"key":"SMITH"},{"floor":53,"key":"REST"}],"neow_cost":"NONE","seed_source_timestamp":100641316232012,"circlet_count":0,"master_deck":["AscendersBane","Defend_G","Defend_G","Defend_G","Defend_G","Defend_G","Strike_G+1","Strike_G+1","Survivor","Neutralize+1","Adrenaline","Deadly Poison+1","Crippling Poison","Backflip","Noxious Fumes","Backflip","Poisoned Stab+1","After Image","Well Laid Plans+1","Catalyst+1","Crippling Poison","PiercingWail","PiercingWail","Footwork+1","Escape Plan","Malaise+1","Deadly Poison","After Image","Acrobatics","Malaise+1"],"relics":["Ring of the Snake","Vajra","Snake Skull","Matryoshka","Girya","Lizard Tail","Red Mask","Enchiridion","Mummified Hand","Whetstone","Thread and Needle","Potion Belt","Sozu","Bag of Preparation","Bronze Scales","Bottled Lightning","Centennial Puzzle","DollysMirror","Anchor"],"potions_floor_usage":[0,1,7,12,16,20,22,56,56,56,56],"damage_taken":[{"damage":0,"enemies":"Jaw Worm","floor":1,"turns":6},{"damage":1,"enemies":"Small Slimes","floor":3,"turns":4},{"damage":0,"enemies":"Cultist","floor":5,"turns":3},{"damage":8,"enemies":"Lagavulin","floor":7,"turns":6},{"damage":36,"enemies":"3 Sentries","floor":10,"turns":13},{"damage":3,"enemies":"Gremlin Nob","floor":12,"turns":3},{"damage":3,"enemies":"Blue Slaver","floor":14,"turns":3},{"damage":9,"enemies":"Slime Boss","floor":16,"turns":7},{"damage":1,"enemies":"3 Byrds","floor":18,"turns":4},{"damage":26,"enemies":"Masked Bandits","floor":20,"turns":5},{"damage":21,"enemies":"Shell Parasite","floor":22,"turns":4},{"damage":7,"enemies":"Centurion and Healer","floor":24,"turns":7},{"damage":4,"enemies":"Book of Stabbing","floor":27,"turns":5},{"damage":0,"enemies":"3 Cultists","floor":30,"turns":5},{"damage":1,"enemies":"Snecko","floor":31,"turns":3},{"damage":3,"enemies":"Champ","floor":33,"turns":8},{"damage":0,"enemies":"Orb Walker","floor":35,"turns":3},{"damage":0,"enemies":"3 Shapes","floor":36,"turns":5},{"damage":5,"enemies":"Giant Head","floor":41,"turns":7},{"damage":1,"enemies":"Jaw Worm Horde","floor":42,"turns":4},{"damage":13,"enemies":"Nemesis","floor":44,"turns":7},{"damage":0,"enemies":"Sphere and 2 Shapes","floor":45,"turns":3},{"damage":0,"enemies":"Writhing Mass","floor":48,"turns":4},{"damage":0,"enemies":"Donu and Deca","floor":50,"turns":9},{"damage":21,"enemies":"Awakened One","floor":51,"turns":15},{"damage":11,"enemies":"Shield and Spear","floor":55,"turns":7},{"damage":21,"enemies":"The Heart","floor":56,"turns":8}],"seed_played":"-5379990071640409596","potions_obtained":[{"floor":0,"key":"Fruit Juice"},{"floor":0,"key":"LiquidBronze"},{"floor":0,"key":"Strength Potion"},{"floor":1,"key":"FearPotion"},{"floor":12,"key":"SneckoOil"},{"floor":14,"key":"Fire Potion"},{"floor":16,"key":"Explosive Potion"},{"floor":20,"key":"Fire Potion"},{"floor":27,"key":"Energy Potion"},{"floor":30,"key":"Ancient Potion"},{"floor":33,"key":"SpeedPotion"}],"is_trial":false,"path_per_floor":["M","?","M","?","M","R","E","R","T","E","?","E","$","M","R","B",null,"M","?","?","?","M","R","M","?","T","E","$","R","M","M","R","B",null,"M","M","?","?","$","R","E","M","T","E","M","?","R","M","R","B","B",null,"R","$","E","B",null],"character_chosen":"THE_SILENT","items_purchased":["Potion Belt","SpeedPotion","Centennial Puzzle","DollysMirror"],"campfire_rested":4,"item_purchase_floors":[28,28,54,54],"current_hp_per_floor":[64,64,63,42,42,42,34,55,55,19,19,16,16,13,34,25,60,59,59,33,12,30,51,44,44,44,40,40,40,40,39,39,36,62,62,62,62,62,62,62,57,56,56,43,43,43,43,43,43,43,22,56,67,67,56,35],"gold":106,"neow_bonus":"THREE_SMALL_POTIONS","is_prod":false,"is_daily":false,"chose_seed":false,"campfire_upgraded":5,"win_rate":0,"timestamp":1549498161,"path_taken":["M","?","M","?","M","R","E","R","T","E","?","E","?","?","R","BOSS","M","?","?","?","M","R","M","?","T","E","$","R","?","?","R","BOSS","M","M","?","?","?","R","E","M","T","E","?","?","R","M","R","BOSS","BOSS","R","$","E","BOSS"],"build_version":"2019-01-23","purchased_purges":3,"victory":true,"max_hp_per_floor":[71,71,71,71,71,71,71,71,71,71,71,71,71,71,71,71,71,71,71,71,71,71,71,71,71,71,71,71,71,71,71,71,71,71,71,71,67,67,67,67,67,67,67,67,67,67,67,67,67,67,67,67,67,67,67,67],"card_choices":[{"not_picked":["Dagger Spray","PiercingWail"],"picked":"Adrenaline","floor":1},{"not_picked":["Cloak And Dagger","Deflect"],"picked":"Deadly Poison","floor":3},{"not_picked":["Underhanded Strike","Blur"],"picked":"Crippling Poison","floor":5},{"not_picked":["Acrobatics","Bouncing Flask"],"picked":"Backflip","floor":7},{"not_picked":["Quick Slash","Corpse Explosion"],"picked":"Noxious Fumes","floor":10},{"not_picked":["Predator","Setup"],"picked":"Backflip","floor":12},{"not_picked":["Outmaneuver","Heel Hook"],"picked":"Poisoned Stab","floor":14},{"not_picked":["Envenom","Glass Knife"],"picked":"After Image","floor":16},{"not_picked":["Cloak And Dagger","Outmaneuver"],"picked":"Well Laid Plans","floor":18},{"not_picked":["Finisher+1","Quick Slash"],"picked":"Crippling Poison","floor":20},{"not_picked":["Underhanded Strike","Bane+1"],"picked":"PiercingWail","floor":22},{"not_picked":["Masterful Stab","Dagger Spray","Die Die Die"],"picked":"SKIP","floor":24},{"not_picked":["Dagger Throw","Bane"],"picked":"PiercingWail","floor":27},{"not_picked":["Blade Dance","Caltrops"],"picked":"Footwork","floor":30},{"not_picked":["Flying Knee","Outmaneuver"],"picked":"Escape Plan","floor":31},{"not_picked":["Doppelganger","Wraith Form v2"],"picked":"Malaise","floor":33},{"not_picked":["Concentrate","Prepared"],"picked":"Deadly Poison","floor":35},{"not_picked":["Quick Slash","Outmaneuver","Dash"],"picked":"SKIP","floor":36},{"not_picked":["Infinite Blades","Outmaneuver"],"picked":"After Image","floor":41},{"not_picked":["Choke","Dagger Throw","Slice+1"],"picked":"SKIP","floor":42},{"not_picked":["Bane+1","Dash","Poisoned Stab"],"picked":"SKIP","floor":44},{"not_picked":["Predator","Dagger Throw"],"picked":"Acrobatics","floor":45},{"not_picked":["Dagger Spray","Flechettes","Outmaneuver"],"picked":"SKIP","floor":48},{"not_picked":["Masterful Stab","Cloak And Dagger","Dagger Throw+1"],"picked":"SKIP","floor":55}],"player_experience":4685754,"relics_obtained":[{"floor":7,"key":"Vajra"},{"floor":9,"key":"Snake Skull"},{"floor":10,"key":"Matryoshka"},{"floor":12,"key":"Girya"},{"floor":20,"key":"Red Mask"},{"floor":21,"key":"Enchiridion"},{"floor":26,"key":"Mummified Hand"},{"floor":26,"key":"Whetstone"},{"floor":27,"key":"Thread and Needle"},{"floor":41,"key":"Bag of Preparation"},{"floor":43,"key":"Bronze Scales"},{"floor":44,"key":"Bottled Lightning"},{"floor":55,"key":"Anchor"}],"event_choices":[{"damage_healed":0,"gold_gain":0,"player_choice":"Grow","damage_taken":0,"max_hp_gain":0,"max_hp_loss":0,"event_name":"Living Wall","floor":2,"gold_loss":0,"cards_upgraded":["Neutralize"]},{"damage_healed":0,"gold_gain":0,"player_choice":"Entered Light","damage_taken":21,"max_hp_gain":0,"max_hp_loss":0,"event_name":"Shining Light","floor":4,"gold_loss":0,"cards_upgraded":["Strike_G","Strike_G"]},{"damage_healed":0,"gold_gain":0,"player_choice":"Ignored","damage_taken":0,"max_hp_gain":0,"max_hp_loss":0,"event_name":"Golden Wing","floor":11,"gold_loss":0},{"damage_healed":0,"gold_gain":0,"player_choice":"Read","damage_taken":0,"max_hp_gain":0,"max_hp_loss":0,"event_name":"The Library","floor":19,"gold_loss":0,"cards_obtained":["Catalyst"]},{"damage_healed":0,"gold_gain":0,"player_choice":"Fought Bandits","damage_taken":0,"max_hp_gain":0,"max_hp_loss":0,"event_name":"Masked Bandits","floor":20,"gold_loss":0},{"damage_healed":0,"gold_gain":0,"player_choice":"Obtained Book","damage_taken":21,"max_hp_gain":0,"max_hp_loss":0,"event_name":"Cursed Tome","floor":21,"gold_loss":0},{"damage_healed":0,"gold_gain":50,"player_choice":"Pray","damage_taken":0,"max_hp_gain":0,"max_hp_loss":0,"event_name":"Golden Shrine","floor":25,"gold_loss":0},{"damage_healed":0,"gold_gain":0,"player_choice":"Max HP","damage_taken":0,"max_hp_gain":0,"max_hp_loss":4,"event_name":"Winding Halls","floor":37,"gold_loss":0},{"damage_healed":0,"gold_gain":0,"player_choice":"Ignored","damage_taken":0,"max_hp_gain":0,"max_hp_loss":0,"event_name":"Mysterious Sphere","floor":38,"gold_loss":0},{"damage_healed":0,"gold_gain":222,"player_choice":"Wore Mask","damage_taken":0,"max_hp_gain":0,"max_hp_loss":0,"event_name":"Tomb of Lord Red Mask","floor":46,"gold_loss":0}],"is_beta":true,"boss_relics":[{"not_picked":["Runic Dome","WristBlade"],"picked":"Lizard Tail"},{"not_picked":["Eternal Feather","Astrolabe"],"picked":"Sozu"}],"items_purged_floors":[13,28,39],"is_endless":false,"potions_floor_spawned":[1,12,14,16,20,27,30,33,42,44,45,48,55],"ascension_level":20}