{"gold_per_floor":[364,11,11,27,46,72,72,97,151,151,169,169,187,198,198,275,275,294,313,189,189,202,202,127,127,127,2,51,65,65,92,92,165,165,178,195,208,208,221,221,256,67,93,121,133,133,133,160,160,160,160,160,160,160,186,186],"floor_reached":57,"playtime":4746,"items_purged":["Regret","Pain","Strike_G","Strike_G"],"score":3265,"play_id":"c48aa38f-eac6-4c41-a5b3-1495f776ac7f","local_time":"20190208162444","is_ascension_mode":true,"campfire_choices":[{"data":"Poisoned Stab","floor":7,"key":"SMITH"},{"data":"Crippling Poison","floor":10,"key":"SMITH"},{"floor":15,"key":"REST"},{"data":"Well Laid Plans","floor":23,"key":"SMITH"},{"data":"Ghostly","floor":25,"key":"SMITH"},{"data":"Noxious Fumes","floor":32,"key":"SMITH"},{"data":"Wraith Form v2","floor":40,"key":"SMITH"},{"floor":46,"key":"RECALL"},{"floor":49,"key":"REST"},{"floor":53,"key":"REST"}],"neow_cost":"CURSE","seed_source_timestamp":149996601531666,"circlet_count":0,"master_deck":["AscendersBane","Defend_G+1","Defend_G+1","Defend_G+1","Defend_G+1","Defend_G+1","Strike_G+1","Strike_G+1","Survivor+1","Neutralize+1","Dodge and Roll+1","Poisoned Stab+1","Well Laid Plans+1","PiercingWail+1","Footwork+1","Crippling Poison+1","Dash+1","Backflip+1","Dodge and Roll+1","PiercingWail+1","Malaise+1","Deadly Poison+1","Flechettes+1","PiercingWail+1","Ghostly+1","Ghostly+1","Ghostly+1","Backflip+1","Noxious Fumes+1","Wraith Form v2+1","Escape Plan+1","Ghostly+1","Malaise+1","Caltrops+1"],"relics":["Ring of the Snake","Snake Skull","Singing Bowl","Blood Vial","Art of War","Velvet Choker","Anchor","Strawberry","Bronze Scales","Runic Pyramid","Sundial","Boot","Mark of the Bloom","Bottled Lightning","Pantograph"],"potions_floor_usage":[6,6,6,8,8,16,16,31,56,56],"damage_taken":[{"damage":11,"enemies":"Cultist","floor":1,"turns":5},{"damage":0,"enemies":"Small Slimes","floor":4,"turns":4},{"damage":0,"enemies":"2 Louse","floor":5,"turns":3},{"damage":10,"enemies":"3 Sentries","floor":6,"turns":12},{"damage":19,"enemies":"Gremlin Nob","floor":8,"turns":4},{"damage":0,"enemies":"Exordium Wildlife","floor":11,"turns":2},{"damage":1,"enemies":"2 Fungi Beasts","floor":13,"turns":4},{"damage":2,"enemies":"Large Slime","floor":14,"turns":8},{"damage":16,"enemies":"Slime Boss","floor":16,"turns":13},{"damage":3,"enemies":"3 Byrds","floor":18,"turns":6},{"damage":0,"enemies":"Spheric Guardian","floor":19,"turns":4},{"damage":21,"enemies":"Shelled Parasite and Fungi","floor":22,"turns":9},{"damage":3,"enemies":"Snake Plant","floor":29,"turns":6},{"damage":0,"enemies":"Slavers","floor":31,"turns":7},{"damage":0,"enemies":"Automaton","floor":33,"turns":10},{"damage":0,"enemies":"3 Shapes","floor":35,"turns":4},{"damage":0,"enemies":"Orb Walker","floor":36,"turns":5},{"damage":0,"enemies":"Sphere and 2 Shapes","floor":37,"turns":7},{"damage":0,"enemies":"Transient","floor":39,"turns":6},{"damage":3,"enemies":"Giant Head","floor":41,"turns":12},{"damage":0,"enemies":"Nemesis","floor":44,"turns":13},{"damage":0,"enemies":"3 Darklings","floor":45,"turns":5},{"damage":0,"enemies":"Reptomancer","floor":48,"turns":6},{"damage":0,"enemies":"Awakened One","floor":50,"turns":18},{"damage":0,"enemies":"Time Eater","floor":51,"turns":17},{"damage":0,"enemies":"Shield and Spear","floor":55,"turns":10},{"damage":0,"enemies":"The Heart","floor":56,"turns":11}],"seed_played":"-2866994205898759149","potions_obtained":[{"floor":3,"key":"EntropicBrew"},{"floor":6,"key":"Strength Potion"},{"floor":11,"key":"Dexterity Potion"},{"floor":13,"key":"PowerPotion"},{"floor":29,"key":"Weak Potion"},{"floor":31,"key":"AttackPotion"},{"floor":33,"key":"Explosive Potion"},{"floor":35,"key":"LiquidBronze"},{"floor":48,"key":"Ancient Potion"}],"is_trial":false,"path_per_floor":["M","$","?","M","M","E","R","E","T","R","M","?","M","M","R","B",null,"M","M","$","?","M","R","?","R","T","$","T","M","?","E","R","B",null,"M","M","M","?","M","R","E","$","T","E","M","R","?","E","R","B","B",null,"R","$","E","B",null],"character_chosen":"THE_SILENT","items_purchased":["Snake Skull","Poisoned Stab","Fire Potion","PiercingWail","Caltrops"],"campfire_rested":3,"item_purchase_floors":[2,2,2,20,42],"current_hp_per_floor":[48,48,48,48,48,38,38,19,19,19,21,21,22,22,41,27,56,55,57,57,33,12,12,12,12,12,12,19,20,20,24,24,26,40,42,46,48,48,50,50,47,47,47,51,54,54,54,54,54,54,54,54,54,54,54,54],"gold":186,"neow_bonus":"TWO_FIFTY_GOLD","is_prod":false,"is_daily":false,"chose_seed":false,"campfire_upgraded":6,"win_rate":0,"timestamp":1549671884,"path_taken":["M","$","?","?","M","E","R","E","T","R","M","?","M","?","R","BOSS","M","M","$","?","M","R","?","R","T","$","?","M","?","E","R","BOSS","M","M","M","?","?","R","E","$","T","E","M","R","?","E","R","BOSS","BOSS","R","$","E","BOSS"],"build_version":"2019-02-06","purchased_purges":4,"victory":true,"max_hp_per_floor":[66,66,66,66,66,66,66,66,66,66,66,66,66,66,66,66,66,66,66,66,33,33,33,33,33,33,33,40,42,42,44,44,44,44,44,46,48,48,50,50,50,50,50,52,54,54,54,56,56,56,56,56,56,56,58,58],"card_choices":[{"not_picked":["Bane","Sucker Punch"],"picked":"Dodge and Roll","floor":1},{"not_picked":["Bane","Riddle With Holes"],"picked":"Well Laid Plans","floor":4},{"not_picked":["Acrobatics","Slice"],"picked":"PiercingWail","floor":5},{"not_picked":["Grand Finale","Caltrops"],"picked":"Footwork","floor":6},{"not_picked":["Prepared","Dagger Spray"],"picked":"Crippling Poison","floor":8},{"not_picked":["Deflect","Quick Slash"],"picked":"Dash","floor":11},{"not_picked":["Bane","Blade Dance"],"picked":"Dodge and Roll","floor":13},{"not_picked":["Blade Dance","All Out Attack"],"picked":"PiercingWail","floor":14},{"not_picked":["Die Die Die","Doppelganger"],"picked":"Malaise","floor":16},{"not_picked":["Caltrops","Eviscerate"],"picked":"Deadly Poison","floor":18},{"not_picked":["Slice","Bane"],"picked":"Flechettes+1","floor":19},{"not_picked":["Quick Slash","Finisher"],"picked":"Backflip","floor":22},{"not_picked":["Cloak And Dagger","Slice","Quick Slash"],"picked":"Singing Bowl","floor":29},{"not_picked":["Deadly Poison","Outmaneuver","Concentrate"],"picked":"Singing Bowl","floor":31},{"not_picked":["A Thousand Cuts","Tools of the Trade"],"picked":"Wraith Form v2","floor":33},{"not_picked":["Acrobatics+1","Backflip+1"],"picked":"Escape Plan","floor":35},{"not_picked":["Dodge and Roll+1","Backstab+1","Deadly Poison"],"picked":"Singing Bowl","floor":36},{"not_picked":["Dodge and Roll","Dash","Acrobatics+1"],"picked":"Singing Bowl","floor":37},{"not_picked":["Terror","Masterful Stab","Underhanded Strike"],"picked":"Singing Bowl","floor":39},{"not_picked":["Predator","Setup"],"picked":"Malaise","floor":41},{"not_picked":["Quick Slash","Blur","Backflip"],"picked":"Singing Bowl","floor":44},{"not_picked":["Dash","Backflip+1","Cloak And Dagger"],"picked":"Singing Bowl","floor":45},{"not_picked":["Doppelganger","Concentrate+1","Dagger Throw"],"picked":"Singing Bowl","floor":48},{"not_picked":["Deflect+1","Outmaneuver+1","Unload"],"picked":"Singing Bowl","floor":55}],"player_experience":4727913,"relics_obtained":[{"floor":6,"key":"Singing Bowl"},{"floor":8,"key":"Blood Vial"},{"floor":9,"key":"Art of War"},{"floor":26,"key":"Anchor"},{"floor":28,"key":"Strawberry"},{"floor":31,"key":"Bronze Scales"},{"floor":41,"key":"Sundial"},{"floor":44,"key":"Boot"},{"floor":48,"key":"Bottled Lightning"},{"floor":55,"key":"Pantograph"}],"event_choices":[{"damage_healed":0,"gold_gain":0,"player_choice":"Got Potions","damage_taken":0,"max_hp_gain":0,"max_hp_loss":0,"event_name":"Lab","floor":3,"gold_loss":0},{"damage_healed":0,"gold_gain":0,"player_choice":"2 cards matched","damage_taken":0,"max_hp_gain":0,"max_hp_loss":0,"event_name":"Match and Keep!","floor":12,"gold_loss":0,"cards_obtained":["Pain","Backflip"]},{"damage_healed":0,"gold_gain":0,"player_choice":"Became a Ghost","damage_taken":0,"max_hp_gain":0,"max_hp_loss":33,"event_name":"Ghosts","floor":21,"gold_loss":0,"cards_obtained":["Ghostly","Ghostly","Ghostly"]},{"cards_removed":["Strike_G"],"damage_healed":0,"gold_gain":0,"player_choice":"Gave Gold","damage_taken":0,"max_hp_gain":0,"max_hp_loss":0,"event_name":"Beggar","floor":24,"gold_loss":75},{"damage_healed":0,"gold_gain":0,"player_choice":"Read","damage_taken":0,"max_hp_gain":0,"max_hp_loss":0,"event_name":"The Library","floor":30,"gold_loss":0,"cards_obtained":["Noxious Fumes"]},{"damage_healed":0,"gold_gain":0,"player_choice":"Copied","damage_taken":0,"max_hp_gain":0,"max_hp_loss":0,"event_name":"Duplicator","floor":38,"gold_loss":0,"cards_obtained":["Ghostly"]},{"damage_healed":0,"gold_gain":0,"player_choice":"Upgrade","damage_taken":0,"relics_obtained":["Mark of the Bloom"],"max_hp_gain":0,"max_hp_loss":0,"event_name":"MindBloom","floor":47,"gold_loss":0,"cards_upgraded":["Defend_G","Defend_G","Defend_G","Defend_G","Defend_G","Strike_G","Strike_G","Survivor","Neutralize","Dodge and Roll","PiercingWail","Footwork","Dash","Backflip","Dodge and Roll","PiercingWail","Malaise","Deadly Poison","PiercingWail","Ghostly","Ghostly","Backflip","Escape Plan","Malaise","Caltrops"]}],"is_beta":true,"boss_relics":[{"not_picked":["Philosopher\u0027s Stone","Empty Cage"],"picked":"Velvet Choker"},{"not_picked":["Orrery","Tiny House"],"picked":"Runic Pyramid"}],"items_purged_floors":[2,20,27,42],"is_endless":false,"potions_floor_spawned":[6,11,13,14,29,31,33,35,36,41,48],"ascension_level":20}