{"gold_per_floor":[213,4,4,19,39,66,66,85,153,172,172,0,34,34,34,108,108,122,122,22,34,47,47,58,87,87,87,114,114,114,114,114,191,191,208,218,232,252,270,270,305,305,356,367,381,392,408,333,333,333,333,333,333,10,42,42],"floor_reached":57,"playtime":5300,"items_purged":["Strike_R","Shame"],"score":2872,"play_id":"cf39969d-8b2c-4450-a02f-8e25888959d6","local_time":"20190208150356","is_ascension_mode":true,"campfire_choices":[{"data":"Bash","floor":7,"key":"SMITH"},{"data":"Anger","floor":11,"key":"SMITH"},{"data":"True Grit","floor":15,"key":"SMITH"},{"data":"Armaments","floor":23,"key":"SMITH"},{"data":"Burning Pact","floor":29,"key":"SMITH"},{"data":"Battle Trance","floor":32,"key":"SMITH"},{"data":"True Grit","floor":40,"key":"SMITH"},{"data":"Impervious","floor":42,"key":"SMITH"},{"floor":49,"key":"RECALL"},{"floor":53,"key":"REST"}],"neow_cost":"NONE","seed_source_timestamp":144598217694032,"circlet_count":0,"master_deck":["AscendersBane","Defend_R+1","Defend_R+1","Defend_R+1","Defend_R+1","Battle Trance","Armaments+1","Corruption","Battle Trance+1","Shrug It Off","True Grit+1","Reaper","Battle Trance+1","Corruption+1","Carnage+1","Second Wind","Shrug It Off","Burning Pact+1","Juggernaut+1","Shrug It Off","Warcry+1","Impervious+1","True Grit+1","Juggernaut+1","Metallicize+1","Warcry+1","Headbutt","Ghostly Armor","Metallicize+1","Mayhem+1","Havoc","Evolve+1"],"relics":["Burning Blood","Dead Branch","Orichalcum","Frozen Egg 2","Bag of Preparation","Pen Nib","Happy Flower","Blue Candle","Vajra","Nloth\u0027s Gift","Empty Cage","Mercury Hourglass","Ancient Tea Set","Ornamental Fan"],"potions_floor_usage":[25,56,56],"damage_taken":[{"damage":8,"enemies":"Small Slimes","floor":1,"turns":5},{"damage":1,"enemies":"Cultist","floor":4,"turns":3},{"damage":2,"enemies":"Jaw Worm","floor":5,"turns":5},{"damage":10,"enemies":"3 Sentries","floor":6,"turns":5},{"damage":18,"enemies":"Large Slime","floor":8,"turns":5},{"damage":3,"enemies":"2 Fungi Beasts","floor":10,"turns":4},{"damage":0,"enemies":"Lagavulin","floor":13,"turns":5},{"damage":33,"enemies":"Slime Boss","floor":16,"turns":8},{"damage":0,"enemies":"3 Byrds","floor":18,"turns":4},{"damage":1,"enemies":"2 Thieves","floor":21,"turns":2},{"damage":3,"enemies":"Sentry and Sphere","floor":22,"turns":3},{"damage":0,"enemies":"Shelled Parasite and Fungi","floor":24,"turns":2},{"damage":16,"enemies":"Slavers","floor":25,"turns":5},{"damage":0,"enemies":"Gremlin Leader","floor":28,"turns":3},{"damage":4,"enemies":"Champ","floor":33,"turns":8},{"damage":0,"enemies":"Orb Walker","floor":35,"turns":2},{"damage":6,"enemies":"3 Darklings","floor":36,"turns":3},{"damage":0,"enemies":"Sphere and 2 Shapes","floor":37,"turns":3},{"damage":0,"enemies":"4 Shapes","floor":38,"turns":3},{"damage":2,"enemies":"Maw","floor":39,"turns":7},{"damage":0,"enemies":"Nemesis","floor":41,"turns":5},{"damage":6,"enemies":"Transient","floor":44,"turns":6},{"damage":2,"enemies":"Sphere and 2 Shapes","floor":45,"turns":3},{"damage":0,"enemies":"Writhing Mass","floor":46,"turns":3},{"damage":1,"enemies":"4 Shapes","floor":47,"turns":3},{"damage":71,"enemies":"Time Eater","floor":50,"turns":11},{"damage":11,"enemies":"Awakened One","floor":51,"turns":14},{"damage":6,"enemies":"Shield and Spear","floor":55,"turns":1},{"damage":3,"enemies":"The Heart","floor":56,"turns":7}],"seed_played":"8759675245745366828","potions_obtained":[{"floor":5,"key":"Regen Potion"},{"floor":10,"key":"Weak Potion"},{"floor":21,"key":"Fire Potion"},{"floor":36,"key":"Block Potion"}],"is_trial":false,"path_per_floor":["M","$","?","M","M","E","R","M","T","M","R","$","E","$","R","B",null,"M","?","$","M","M","R","M","E","T","?","E","R","?","?","R","B",null,"M","M","M","M","M","R","E","R","T","M","M","M","M","?","R","B","B",null,"R","$","E","B",null],"character_chosen":"IRONCLAD","items_purchased":["Battle Trance","Strength Potion","Bag of Preparation","Metallicize+1","Mayhem+1","Havoc"],"campfire_rested":1,"item_purchase_floors":[2,2,12,54,54,54],"current_hp_per_floor":[66,66,66,71,75,71,71,59,59,62,62,62,68,68,68,41,67,75,75,75,75,75,75,75,73,73,73,75,75,75,75,75,75,75,75,75,75,75,75,75,75,75,75,75,75,75,75,75,75,19,32,64,75,75,75,75],"gold":42,"neow_bonus":"HUNDRED_GOLD","is_prod":false,"is_daily":false,"chose_seed":false,"campfire_upgraded":8,"win_rate":0,"timestamp":1549667036,"path_taken":["M","$","?","M","M","E","R","?","T","M","R","?","E","$","R","BOSS","M","?","$","M","M","R","M","E","T","?","E","R","?","?","R","BOSS","M","?","M","M","M","R","E","R","T","M","M","M","M","?","R","BOSS","BOSS","R","$","E","BOSS"],"build_version":"2019-02-06","purchased_purges":2,"victory":true,"max_hp_per_floor":[75,75,75,75,75,75,75,75,75,75,75,75,75,75,75,75,75,75,75,75,75,75,75,75,75,75,75,75,75,75,75,75,75,75,75,75,75,75,75,75,75,75,75,75,75,75,75,75,75,75,75,75,75,75,75,75],"card_choices":[{"not_picked":["Sword Boomerang","Rupture"],"picked":"Pommel Strike","floor":1},{"not_picked":["Twin Strike","Sentinel"],"picked":"Armaments","floor":4},{"not_picked":["Battle Trance","Sentinel"],"picked":"Corruption","floor":5},{"not_picked":["Wild Strike","Entrench"],"picked":"Anger","floor":6},{"not_picked":["Burning Pact","Heavy Blade"],"picked":"Battle Trance","floor":8},{"not_picked":["Iron Wave","Dual Wield"],"picked":"Shrug It Off","floor":10},{"not_picked":["Cleave","Wild Strike"],"picked":"True Grit","floor":13},{"not_picked":["Demon Form+1","Brutality+1"],"picked":"Reaper","floor":16},{"not_picked":["Flex","Pommel Strike"],"picked":"Second Wind","floor":18},{"not_picked":["Thunderclap","Entrench"],"picked":"Shrug It Off","floor":21},{"not_picked":["Pummel","Clothesline","Iron Wave"],"picked":"SKIP","floor":22},{"not_picked":["Pommel Strike","Perfected Strike","Anger"],"picked":"SKIP","floor":24},{"not_picked":["Headbutt","Heavy Blade"],"picked":"Burning Pact","floor":25},{"not_picked":["Clothesline","Rampage","Carnage"],"picked":"SKIP","floor":28},{"not_picked":["Reaper","Dark Embrace+1"],"picked":"Juggernaut+1","floor":33},{"not_picked":["Thunderclap","Evolve+1"],"picked":"Shrug It Off","floor":35},{"not_picked":["Carnage","Cleave+1"],"picked":"Warcry+1","floor":36},{"not_picked":["Flex+1","Pummel+1","Armaments+1"],"picked":"SKIP","floor":37},{"not_picked":["Battle Trance+1","Armaments"],"picked":"Impervious","floor":38},{"not_picked":["Rampage","Searing Blow"],"picked":"True Grit","floor":39},{"not_picked":["Impervious","Demon Form+1"],"picked":"Juggernaut+1","floor":41},{"not_picked":["Evolve+1","Sever Soul"],"picked":"Metallicize+1","floor":44},{"not_picked":["Dropkick","Anger+1","Twin Strike"],"picked":"SKIP","floor":45},{"not_picked":["Combust+1","Heavy Blade","Pommel Strike+1"],"picked":"SKIP","floor":46},{"not_picked":["Thunderclap","Flex"],"picked":"Warcry+1","floor":47},{"not_picked":["Limit Break","Offering"],"picked":"Evolve+1","floor":55}],"player_experience":4722613,"relics_obtained":[{"floor":6,"key":"Orichalcum"},{"floor":9,"key":"Frozen Egg 2"},{"floor":13,"key":"Pen Nib"},{"floor":25,"key":"Blue Candle"},{"floor":28,"key":"Vajra"},{"floor":41,"key":"Mercury Hourglass"},{"floor":43,"key":"Ancient Tea Set"},{"floor":55,"key":"Ornamental Fan"}],"event_choices":[{"damage_healed":0,"gold_gain":0,"player_choice":"Gave Potion","damage_taken":0,"relics_obtained":["Dead Branch"],"max_hp_gain":0,"max_hp_loss":0,"event_name":"WeMeetAgain","floor":3,"gold_loss":0},{"damage_healed":0,"gold_gain":0,"player_choice":"Stole Relic","damage_taken":0,"relics_obtained":["Happy Flower"],"max_hp_gain":0,"max_hp_loss":0,"event_name":"Addict","floor":19,"gold_loss":0,"cards_obtained":["Shame"]},{"damage_healed":0,"gold_gain":0,"player_choice":"Ignored","damage_taken":0,"max_hp_gain":0,"max_hp_loss":0,"event_name":"Ghosts","floor":27,"gold_loss":0},{"damage_healed":0,"gold_gain":0,"player_choice":"Simplicity","damage_taken":0,"max_hp_gain":0,"max_hp_loss":0,"event_name":"Back to Basics","floor":30,"gold_loss":0,"cards_upgraded":["Strike_R","Defend_R","Defend_R","Defend_R","Defend_R"]},{"damage_healed":0,"gold_gain":0,"player_choice":"Traded Relic","damage_taken":0,"relics_obtained":["Nloth\u0027s Gift"],"max_hp_gain":0,"max_hp_loss":0,"event_name":"N\u0027loth","floor":31,"relics_lost":["Astrolabe"],"gold_loss":0},{"damage_healed":0,"gold_gain":0,"cards_transformed":["Anger","Bash"],"player_choice":"Transformed Cards","damage_taken":0,"max_hp_gain":0,"max_hp_loss":0,"event_name":"Designer","floor":48,"gold_loss":75,"cards_obtained":["Headbutt","Ghostly Armor"]}],"is_beta":true,"boss_relics":[{"not_picked":["Mark of Pain","Busted Crown"],"picked":"Astrolabe"},{"not_picked":["Tiny House","White Beast Statue"],"picked":"Empty Cage"}],"items_purged_floors":[2,20],"is_endless":false,"potions_floor_spawned":[5,10,13,21,24,36,38,39,41,45,55],"ascension_level":20}