{"gold_per_floor":[118,136,136,148,73,73,102,117,117,127,140,140,159,159],"floor_reached":14,"playtime":952,"items_purged":["Strike_R"],"score":188,"play_id":"3d93995e-3f26-43c0-a128-d674907ae9ff","local_time":"20190206132353","is_ascension_mode":true,"campfire_choices":[{"data":"Bash","floor":6,"key":"SMITH"}],"neow_cost":"NONE","seed_source_timestamp":94195944870131,"circlet_count":0,"master_deck":["AscendersBane","Strike_R","Strike_R","Strike_R","Defend_R","Defend_R","Defend_R","Defend_R","Bash+1","Limit Break","Carnage","Evolve","Reckless Charge","Sword Boomerang","Metallicize","Rage","Pain","Pommel Strike"],"relics":["Burning Blood","Bag of Preparation","Kunai","WarpedTongs"],"potions_floor_usage":[7,7,13],"damage_taken":[{"damage":9,"enemies":"Jaw Worm","floor":1,"turns":4},{"damage":1,"enemies":"Cultist","floor":2,"turns":3},{"damage":6,"enemies":"2 Louse","floor":4,"turns":3},{"damage":20,"enemies":"3 Sentries","floor":7,"turns":8},{"damage":16,"enemies":"Lots of Slimes","floor":8,"turns":6},{"damage":11,"enemies":"Exordium Wildlife","floor":10,"turns":3},{"damage":8,"enemies":"2 Fungi Beasts","floor":11,"turns":4},{"damage":25,"enemies":"Gremlin Gang","floor":13,"turns":7},{"damage":26,"enemies":"Gremlin Nob","floor":14,"turns":3}],"seed_played":"5473953705201151497","potions_obtained":[{"floor":1,"key":"Energy Potion"},{"floor":2,"key":"EssenceOfSteel"},{"floor":7,"key":"Fruit Juice"},{"floor":11,"key":"AttackPotion"}],"is_trial":false,"path_per_floor":["M","M","?","M","$","R","E","M","T","M","M","?","M","E"],"character_chosen":"IRONCLAD","items_purchased":[],"campfire_rested":0,"item_purchase_floors":[],"current_hp_per_floor":[65,70,70,70,70,70,56,46,46,41,39,39,20,0],"gold":159,"neow_bonus":"ONE_RANDOM_RARE_CARD","is_prod":false,"is_daily":false,"chose_seed":false,"campfire_upgraded":1,"win_rate":0,"timestamp":1549488233,"path_taken":["M","M","?","?","$","R","E","M","T","M","M","?","?","E"],"build_version":"2019-01-23","purchased_purges":1,"victory":false,"max_hp_per_floor":[75,75,75,75,75,75,75,75,75,75,75,75,75,75],"card_choices":[{"not_picked":["Pommel Strike","Shrug It Off"],"picked":"Carnage","floor":1},{"not_picked":["Iron Wave","Wild Strike"],"picked":"Evolve","floor":2},{"not_picked":["Twin Strike","Rage"],"picked":"Reckless Charge","floor":4},{"not_picked":["Pummel","Perfected Strike"],"picked":"Sword Boomerang","floor":7},{"not_picked":["Cleave","Clothesline","Sword Boomerang"],"picked":"SKIP","floor":8},{"not_picked":["Fiend Fire","Havoc"],"picked":"Metallicize","floor":10},{"not_picked":["Body Slam","Fire Breathing"],"picked":"Rage","floor":11},{"not_picked":["Sword Boomerang","Clothesline"],"picked":"Pommel Strike","floor":13}],"player_experience":4679459,"relics_obtained":[{"floor":7,"key":"Bag of Preparation"},{"floor":9,"key":"Kunai"}],"event_choices":[{"cards_removed":["Strike_R"],"damage_healed":0,"gold_gain":0,"player_choice":"Purged","damage_taken":0,"max_hp_gain":0,"max_hp_loss":0,"event_name":"Purifier","floor":3,"gold_loss":0},{"damage_healed":0,"gold_gain":0,"player_choice":"Rummage","damage_taken":0,"relics_obtained":["WarpedTongs"],"max_hp_gain":0,"max_hp_loss":0,"event_name":"Accursed Blacksmith","floor":12,"gold_loss":0,"cards_obtained":["Pain"]}],"is_beta":true,"boss_relics":[],"items_purged_floors":[5],"is_endless":false,"potions_floor_spawned":[1,2,7,11],"killed_by":"Gremlin Nob","ascension_level":20}