{"gold_per_floor":[14,28,28,46,46,46,80,80,155,170,170,170,205,225,225,225],"floor_reached":16,"playtime":1028,"items_purged":[],"score":220,"play_id":"2c76460f-81df-4dc8-b448-4e06bbbb6c2a","local_time":"20190209124126","is_ascension_mode":true,"campfire_choices":[{"data":"Fission","floor":6,"key":"SMITH"},{"data":"Zap","floor":8,"key":"SMITH"},{"floor":11,"key":"REST"},{"floor":15,"key":"REST"}],"neow_cost":"NO_GOLD","seed_source_timestamp":50009522528710,"circlet_count":0,"master_deck":["AscendersBane","Strike_B+1","Strike_B","Strike_B","Strike_B","Defend_B","Defend_B","Defend_B","Defend_B+1","Zap+1","Dualcast","Fission+1","Chill+1","Coolheaded","Rip and Tear","Ball Lightning+1","Skim","Undo","Static Discharge"],"relics":["Cracked Core","Golden Idol","War Paint","Whetstone"],"potions_floor_usage":[7,10,16],"damage_taken":[{"damage":14,"enemies":"Jaw Worm","floor":1,"turns":4},{"damage":6,"enemies":"2 Louse","floor":2,"turns":2},{"damage":0,"enemies":"Cultist","floor":4,"turns":4},{"damage":10,"enemies":"Lagavulin","floor":7,"turns":6},{"damage":10,"enemies":"Exordium Thugs","floor":10,"turns":3},{"damage":35,"enemies":"Gremlin Nob","floor":13,"turns":4},{"damage":0,"enemies":"Gremlin Gang","floor":14,"turns":3},{"damage":51,"enemies":"Slime Boss","floor":16,"turns":9}],"seed_played":"-8711119840746198192","potions_obtained":[{"floor":1,"key":"LiquidBronze"},{"floor":2,"key":"Explosive Potion"},{"floor":7,"key":"LiquidBronze"}],"is_trial":false,"path_per_floor":["M","M","$","M","?","R","E","R","T","M","R","?","E","M","R","B"],"character_chosen":"DEFECT","items_purchased":[],"campfire_rested":2,"item_purchase_floors":[],"current_hp_per_floor":[50,44,44,44,44,44,34,34,34,24,43,64,29,29,48,0],"gold":225,"neow_bonus":"THREE_RARE_CARDS","is_prod":false,"is_daily":false,"chose_seed":false,"campfire_upgraded":2,"win_rate":0,"timestamp":1549744886,"path_taken":["M","M","$","M","?","R","E","R","T","M","R","?","E","M","R","BOSS"],"build_version":"2019-02-06","purchased_purges":0,"victory":false,"max_hp_per_floor":[71,71,71,71,64,64,64,64,64,64,64,64,64,64,64,64],"card_choices":[{"not_picked":["Meteor Strike","Machine Learning"],"picked":"Fission","floor":0},{"not_picked":["Beam Cell","Stack"],"picked":"Chill","floor":1},{"not_picked":["Chill","Compile Driver"],"picked":"Coolheaded","floor":2},{"not_picked":["Cold Snap","Turbo"],"picked":"Rip and Tear","floor":4},{"not_picked":["Hologram","Compile Driver"],"picked":"Ball Lightning","floor":7},{"not_picked":["Redo","Go for the Eyes"],"picked":"Skim","floor":10},{"not_picked":["Rebound","Beam Cell"],"picked":"Undo","floor":13},{"not_picked":["Reprogram","Leap"],"picked":"Static Discharge","floor":14}],"player_experience":4745711,"relics_obtained":[{"floor":7,"key":"War Paint"},{"floor":13,"key":"Whetstone"}],"event_choices":[{"damage_healed":0,"gold_gain":0,"player_choice":"Lose Max HP","damage_taken":0,"relics_obtained":["Golden Idol"],"max_hp_gain":0,"max_hp_loss":7,"event_name":"Golden Idol","floor":5,"gold_loss":0},{"damage_healed":21,"gold_gain":0,"player_choice":"Banana","damage_taken":0,"max_hp_gain":0,"max_hp_loss":0,"event_name":"Big Fish","floor":12,"gold_loss":0}],"is_beta":true,"boss_relics":[],"items_purged_floors":[],"is_endless":false,"potions_floor_spawned":[1,2,7],"killed_by":"Slime Boss","ascension_level":20}