{"gold_per_floor":[111,111,111,76,95,95,110,135,159,159,188,188,207,226,226,226],"floor_reached":16,"playtime":920,"items_purged":[],"score":220,"play_id":"d7f40a7b-04ff-4613-8da1-ed430478b946","local_time":"20190206133938","is_ascension_mode":true,"campfire_choices":[{"data":"Dagger Spray","floor":6,"key":"SMITH"},{"floor":10,"key":"REST"},{"floor":15,"key":"REST"}],"neow_cost":"NONE","seed_source_timestamp":95174318381175,"circlet_count":0,"master_deck":["AscendersBane","Defend_G+1","Defend_G","Defend_G","Defend_G","Defend_G","Strike_G","Strike_G+1","Strike_G","Strike_G","Strike_G","Survivor","Neutralize","Dagger Spray+1","Dagger Throw","PiercingWail","Predator","Masterful Stab","Dagger Throw"],"relics":["Ring of the Snake","Potion Belt","Pen Nib","Omamori","Question Card"],"potions_floor_usage":[13,16,16],"damage_taken":[{"damage":7,"enemies":"Small Slimes","floor":1,"turns":5},{"damage":3,"enemies":"2 Louse","floor":5,"turns":5},{"damage":0,"enemies":"Jaw Worm","floor":7,"turns":5},{"damage":27,"enemies":"3 Sentries","floor":8,"turns":7},{"damage":30,"enemies":"Lagavulin","floor":11,"turns":10},{"damage":0,"enemies":"Exordium Wildlife","floor":13,"turns":5},{"damage":1,"enemies":"3 Louse","floor":14,"turns":4},{"damage":28,"enemies":"Hexaghost","floor":16,"turns":9}],"seed_played":"-5200864529400075145","potions_obtained":[{"floor":8,"key":"Swift Potion"},{"floor":13,"key":"Energy Potion"},{"floor":14,"key":"Block Potion"}],"is_trial":false,"path_per_floor":["M","?","?","?","M","R","M","E","T","R","E","?","M","M","R","B"],"character_chosen":"THE_SILENT","items_purchased":[],"campfire_rested":2,"item_purchase_floors":[],"current_hp_per_floor":[52,32,32,48,45,45,45,18,18,37,7,7,7,6,25,0],"gold":226,"neow_bonus":"RANDOM_COMMON_RELIC","is_prod":false,"is_daily":false,"chose_seed":false,"campfire_upgraded":1,"win_rate":0,"timestamp":1549489178,"path_taken":["M","?","?","?","M","R","M","E","T","R","E","?","M","M","R","BOSS"],"build_version":"2019-01-23","purchased_purges":0,"victory":false,"max_hp_per_floor":[66,66,66,66,66,66,66,66,66,66,66,66,66,66,66,66],"card_choices":[{"not_picked":["Sucker Punch","Blade Dance","Underhanded Strike"],"picked":"SKIP","floor":1},{"not_picked":["Sucker Punch","Underhanded Strike"],"picked":"Dagger Spray","floor":5},{"not_picked":["Underhanded Strike","Eviscerate"],"picked":"Dagger Throw","floor":7},{"not_picked":["Grand Finale","Terror"],"picked":"PiercingWail","floor":8},{"not_picked":["Prepared","Dagger Throw"],"picked":"Predator","floor":11},{"not_picked":["Riddle With Holes","Flying Knee","Slice"],"picked":"Masterful Stab","floor":13},{"not_picked":["Prepared","Leg Sweep","PiercingWail"],"picked":"Dagger Throw","floor":14}],"player_experience":4680411,"relics_obtained":[{"floor":8,"key":"Pen Nib"},{"floor":9,"key":"Omamori"},{"floor":11,"key":"Question Card"}],"event_choices":[{"damage_healed":0,"gold_gain":0,"player_choice":"Entered Light","damage_taken":20,"max_hp_gain":0,"max_hp_loss":0,"event_name":"Shining Light","floor":2,"gold_loss":0,"cards_upgraded":["Strike_G","Defend_G"]},{"damage_healed":0,"gold_gain":0,"player_choice":"Ignored","damage_taken":0,"max_hp_gain":0,"max_hp_loss":0,"event_name":"Liars Game","floor":3,"gold_loss":0},{"damage_healed":16,"gold_gain":0,"player_choice":"Healed","damage_taken":0,"max_hp_gain":0,"max_hp_loss":0,"event_name":"The Cleric","floor":4,"gold_loss":35},{"damage_healed":0,"gold_gain":0,"player_choice":"Searched \u00270\u0027 times","damage_taken":0,"max_hp_gain":0,"max_hp_loss":0,"event_name":"Dead Adventurer","floor":12,"gold_loss":0}],"is_beta":true,"boss_relics":[],"items_purged_floors":[],"is_endless":false,"potions_floor_spawned":[8,13,14],"killed_by":"Hexaghost","ascension_level":20}