{"gold_per_floor":[109,128,148,73,123,123,137,137,137,168,168,179,179,204,204,275,275,289,308,326,343,354,383,197,197,274,287,313,313,330,358,358,435,435,450,466,566,617,617,617,652,669,669,669,698,716,736,765,765,765,765,765,765,101,131,131],"floor_reached":57,"playtime":4962,"items_purged":["Strike_R","Strike_R"],"score":3613,"play_id":"007abd4e-7fab-4e7d-8f0b-a8821d2fce43","local_time":"20190208125107","is_ascension_mode":true,"campfire_choices":[{"data":"Combust","floor":6,"key":"SMITH"},{"data":"Bash","floor":8,"key":"SMITH"},{"data":"Body Slam","floor":11,"key":"SMITH"},{"data":"Bludgeon","floor":13,"key":"SMITH"},{"data":"Corruption","floor":15,"key":"SMITH"},{"floor":32,"key":"REST"},{"floor":40,"key":"RECALL"},{"floor":44,"key":"REST"},{"floor":49,"key":"REST"},{"floor":53,"key":"REST"}],"neow_cost":"NONE","seed_source_timestamp":136988254706260,"circlet_count":0,"master_deck":["AscendersBane","Strike_R","Strike_R","Defend_R","Defend_R","Defend_R","Defend_R","Bash+1","Metallicize","Shrug It Off","Corruption+1","Combust+1","Disarm","Body Slam+1","Bludgeon+1","Battle Trance","Dark Embrace","Havoc+1","True Grit","Corruption","Burning Pact","Corruption","Uppercut","Offering","Offering","Shockwave","Battle Trance+1","Secret Technique","Thinking Ahead","Secret Technique","Burning Pact","Shrug It Off","Ghostly Armor","Disarm+1","Offering","Entrench","Shrug It Off","Fiend Fire","Armaments","Flame Barrier"],"relics":["Burning Blood","Bag of Preparation","Dead Branch","Prayer Wheel","Singing Bowl","Fusion Hammer","Charon\u0027s Ashes","Letter Opener","Self Forming Clay","Philosopher\u0027s Stone","Gambling Chip","FossilizedHelix","Question Card","Shuriken","Blue Candle","Art of War","Turnip","Mercury Hourglass"],"potions_floor_usage":[10,22,22,56,56],"damage_taken":[{"damage":9,"enemies":"2 Louse","floor":1,"turns":4},{"damage":3,"enemies":"Cultist","floor":2,"turns":4},{"damage":7,"enemies":"Jaw Worm","floor":3,"turns":5},{"damage":4,"enemies":"2 Fungi Beasts","floor":7,"turns":3},{"damage":5,"enemies":"3 Sentries","floor":10,"turns":8},{"damage":0,"enemies":"Lots of Slimes","floor":12,"turns":3},{"damage":2,"enemies":"Lagavulin","floor":14,"turns":5},{"damage":10,"enemies":"Slime Boss","floor":16,"turns":5},{"damage":11,"enemies":"Shell Parasite","floor":18,"turns":2},{"damage":8,"enemies":"Spheric Guardian","floor":19,"turns":3},{"damage":0,"enemies":"Snake Plant","floor":20,"turns":2},{"damage":41,"enemies":"Shelled Parasite and Fungi","floor":21,"turns":5},{"damage":21,"enemies":"Cultist and Chosen","floor":22,"turns":5},{"damage":3,"enemies":"Gremlin Leader","floor":23,"turns":4},{"damage":0,"enemies":"Snecko","floor":27,"turns":2},{"damage":0,"enemies":"Snake Plant","floor":30,"turns":2},{"damage":6,"enemies":"Book of Stabbing","floor":31,"turns":2},{"damage":6,"enemies":"Collector","floor":33,"turns":3},{"damage":0,"enemies":"Orb Walker","floor":35,"turns":2},{"damage":20,"enemies":"3 Darklings","floor":36,"turns":2},{"damage":0,"enemies":"Mind Bloom Boss Battle","floor":37,"turns":2},{"damage":0,"enemies":"2 Orb Walkers","floor":38,"turns":1},{"damage":0,"enemies":"Reptomancer","floor":41,"turns":1},{"damage":12,"enemies":"Transient","floor":42,"turns":6},{"damage":6,"enemies":"Giant Head","floor":45,"turns":1},{"damage":0,"enemies":"4 Shapes","floor":46,"turns":1},{"damage":0,"enemies":"3 Darklings","floor":47,"turns":1},{"damage":6,"enemies":"Nemesis","floor":48,"turns":1},{"damage":0,"enemies":"Time Eater","floor":50,"turns":8},{"damage":12,"enemies":"Awakened One","floor":51,"turns":4},{"damage":1,"enemies":"Shield and Spear","floor":55,"turns":2},{"damage":8,"enemies":"The Heart","floor":56,"turns":4}],"seed_played":"1347800465047821878","potions_obtained":[{"floor":2,"key":"FearPotion"},{"floor":7,"key":"Block Potion"},{"floor":10,"key":"Poison Potion"},{"floor":22,"key":"FearPotion"},{"floor":23,"key":"Block Potion"},{"floor":36,"key":"PowerPotion"},{"floor":41,"key":"Dexterity Potion"}],"is_trial":false,"path_per_floor":["M","M","M","$","?","R","M","R","T","E","R","M","R","E","R","B",null,"M","M","M","M","M","E","$","?","T","M","T","?","M","E","R","B",null,"M","M","?","?","?","R","E","M","T","R","E","M","M","E","R","B","B",null,"R","$","E","B",null],"character_chosen":"IRONCLAD","items_purchased":["Combust","SmokeBomb","Turnip","Shrug It Off","Fiend Fire","Armaments"],"campfire_rested":4,"item_purchase_floors":[4,24,54,54,54,54],"current_hp_per_floor":[65,68,67,67,60,60,62,62,62,63,63,69,69,73,73,69,74,73,75,85,52,37,42,42,42,42,50,50,50,60,60,89,89,95,99,89,97,103,93,93,99,93,93,105,105,109,111,111,111,111,105,110,111,111,111,109],"gold":131,"neow_bonus":"RANDOM_COMMON_RELIC","is_prod":false,"is_daily":false,"chose_seed":false,"campfire_upgraded":5,"win_rate":0,"timestamp":1549659067,"path_taken":["M","M","M","$","?","R","M","R","T","E","R","M","R","E","R","BOSS","M","M","M","M","M","E","$","?","T","M","?","?","?","E","R","BOSS","M","M","?","?","?","R","E","M","T","R","E","M","M","E","R","BOSS","BOSS","R","$","E","BOSS"],"build_version":"2019-02-06","purchased_purges":2,"victory":true,"max_hp_per_floor":[75,75,75,75,75,75,75,75,75,75,75,75,75,75,75,75,75,79,83,87,89,89,91,91,91,91,93,93,93,97,97,97,97,97,99,103,105,105,105,105,105,105,105,105,105,109,111,111,111,111,111,111,111,111,111,111],"card_choices":[{"not_picked":["Cleave","Shrug It Off"],"picked":"Metallicize","floor":1},{"not_picked":["Sword Boomerang","Armaments"],"picked":"Shrug It Off","floor":2},{"not_picked":["Havoc","Entrench"],"picked":"Corruption","floor":3},{"not_picked":["Iron Wave","Blood for Blood"],"picked":"Disarm","floor":7},{"not_picked":["Iron Wave","Perfected Strike"],"picked":"Body Slam","floor":10},{"not_picked":["Wild Strike","Sword Boomerang"],"picked":"Bludgeon","floor":12},{"not_picked":["Power Through","Thunderclap","Fire Breathing"],"picked":"SKIP","floor":12},{"not_picked":["Armaments","Metallicize"],"picked":"Battle Trance","floor":14},{"not_picked":["Reaper","Exhume"],"picked":"Dark Embrace","floor":16},{"not_picked":["Whirlwind+1","Flex","Twin Strike+1"],"picked":"Singing Bowl","floor":18},{"not_picked":["Sentinel","Dual Wield+1","Body Slam"],"picked":"Singing Bowl","floor":18},{"not_picked":["Searing Blow","Heavy Blade","Rampage"],"picked":"Singing Bowl","floor":19},{"not_picked":["Entrench","Searing Blow","Rage"],"picked":"Singing Bowl","floor":19},{"not_picked":["Infernal Blade","Hemokinesis","Armaments"],"picked":"Singing Bowl","floor":20},{"not_picked":["Clothesline","Headbutt","Entrench"],"picked":"Singing Bowl","floor":20},{"not_picked":["Sever Soul","Thunderclap","Clash"],"picked":"Singing Bowl","floor":21},{"not_picked":["Sever Soul","Flex"],"picked":"Havoc+1","floor":21},{"not_picked":["Bludgeon","Seeing Red"],"picked":"True Grit","floor":22},{"not_picked":["True Grit","Body Slam+1"],"picked":"Corruption","floor":22},{"not_picked":["Rampage","Fire Breathing+1","Pommel Strike"],"picked":"Singing Bowl","floor":23},{"not_picked":["Armaments","Power Through","Anger"],"picked":"Singing Bowl","floor":27},{"not_picked":["Iron Wave+1","Dropkick"],"picked":"Corruption","floor":27},{"not_picked":["Sword Boomerang","Carnage","True Grit"],"picked":"Singing Bowl","floor":30},{"not_picked":["Clash","Anger","Armaments"],"picked":"Singing Bowl","floor":30},{"not_picked":["Pummel","Twin Strike"],"picked":"Offering","floor":31},{"not_picked":["Bludgeon","Double Tap"],"picked":"Offering","floor":33},{"not_picked":["Corruption","Twin Strike+1","Iron Wave+1"],"picked":"Singing Bowl","floor":35},{"not_picked":["Havoc","Flex+1"],"picked":"Shockwave","floor":35},{"not_picked":["Dual Wield","Heavy Blade","Second Wind"],"picked":"Singing Bowl","floor":36},{"not_picked":["Twin Strike","Headbutt","Iron Wave"],"picked":"Singing Bowl","floor":36},{"not_picked":["Thunderclap","Wild Strike+1","Bloodletting"],"picked":"Singing Bowl","floor":37},{"not_picked":["Pummel","Metallicize"],"picked":"Battle Trance+1","floor":38},{"not_picked":["Bandage Up","Blind"],"picked":"Secret Technique","floor":39},{"not_picked":["Swift Strike","Dramatic Entrance"],"picked":"Thinking Ahead","floor":39},{"not_picked":["Dramatic Entrance","Blind"],"picked":"Secret Technique","floor":39},{"not_picked":["Wild Strike","Blood for Blood"],"picked":"Burning Pact","floor":41},{"not_picked":["Armaments","Flex+1","Headbutt"],"picked":"Shrug It Off","floor":42},{"not_picked":["Battle Trance","Metallicize","Headbutt+1"],"picked":"Ghostly Armor","floor":42},{"not_picked":["Clothesline","Burning Pact","Reckless Charge"],"picked":"Disarm+1","floor":45},{"not_picked":["Flex","Headbutt+1","Clothesline+1","Sword Boomerang"],"picked":"Singing Bowl","floor":46},{"not_picked":["Hemokinesis+1","Heavy Blade","Thunderclap","Warcry"],"picked":"Singing Bowl","floor":46},{"not_picked":["Sever Soul+1","Warcry","Carnage","Iron Wave+1"],"picked":"Singing Bowl","floor":47},{"not_picked":["Flex+1","Wild Strike","Blood for Blood+1"],"picked":"Offering","floor":47},{"not_picked":["Pummel+1","Armaments","Cleave+1"],"picked":"Entrench","floor":48},{"not_picked":["Reckless Charge","Armaments+1","Fire Breathing+1"],"picked":"Flame Barrier","floor":55}],"player_experience":4715128,"relics_obtained":[{"floor":9,"key":"Dead Branch"},{"floor":10,"key":"Prayer Wheel"},{"floor":14,"key":"Singing Bowl"},{"floor":23,"key":"Charon\u0027s Ashes"},{"floor":26,"key":"Letter Opener"},{"floor":31,"key":"Self Forming Clay"},{"floor":37,"key":"Gambling Chip"},{"floor":38,"key":"FossilizedHelix"},{"floor":41,"key":"Question Card"},{"floor":43,"key":"Shuriken"},{"floor":45,"key":"Blue Candle"},{"floor":48,"key":"Art of War"},{"floor":55,"key":"Mercury Hourglass"}],"event_choices":[{"damage_healed":0,"gold_gain":50,"player_choice":"Touch","damage_taken":7,"max_hp_gain":0,"max_hp_loss":0,"event_name":"FaceTrader","floor":5,"gold_loss":0},{"damage_healed":0,"gold_gain":0,"player_choice":"Read","damage_taken":0,"max_hp_gain":0,"max_hp_loss":0,"event_name":"The Library","floor":25,"gold_loss":0,"cards_obtained":["Burning Pact"]},{"damage_healed":0,"gold_gain":0,"cards_transformed":["Strike_R"],"player_choice":"Transformed","damage_taken":0,"max_hp_gain":0,"max_hp_loss":0,"event_name":"Transmorgrifier","floor":29,"gold_loss":0,"cards_obtained":["Uppercut"]},{"damage_healed":0,"gold_gain":0,"player_choice":"Fight","damage_taken":0,"max_hp_gain":0,"max_hp_loss":0,"event_name":"MindBloom","floor":37,"gold_loss":0},{"damage_healed":0,"gold_gain":0,"player_choice":"Fight","damage_taken":0,"max_hp_gain":0,"max_hp_loss":0,"event_name":"Mysterious Sphere","floor":38,"gold_loss":0},{"damage_healed":0,"gold_gain":0,"player_choice":"Memory 3","damage_taken":10,"max_hp_gain":0,"max_hp_loss":0,"event_name":"SensoryStone","floor":39,"gold_loss":0}],"is_beta":true,"boss_relics":[{"not_picked":["Tiny House","Coffee Dripper"],"picked":"Fusion Hammer"},{"not_picked":["White Beast Statue","Mark of Pain"],"picked":"Philosopher\u0027s Stone"}],"items_purged_floors":[24,54],"is_endless":false,"potions_floor_spawned":[2,7,10,14,22,23,27,31,36,37,41,42,46],"ascension_level":20}