{"gold_per_floor":[117,133,150,62,137,137,165,165,165,196,208,208,222,277,277,355,355,365,365,388,388,388,388,126,151,151,166,195,214,214,227,227,303,303,316,3,3,16,32,63,63,98,180,214,214,247,247,36,36,36,36,36,36,36,66,66],"floor_reached":57,"playtime":5173,"items_purged":["Strike_G","Strike_G","Strike_G"],"score":2848,"play_id":"d0d02184-f10a-45ad-95f8-46d30f6a21ec","local_time":"20190201181213","is_ascension_mode":true,"campfire_choices":[{"data":"Noxious Fumes","floor":6,"key":"SMITH"},{"data":"Crippling Poison","floor":8,"key":"SMITH"},{"floor":15,"key":"REST"},{"floor":23,"key":"REST"},{"data":"Envenom","floor":30,"key":"SMITH"},{"data":"Footwork","floor":32,"key":"SMITH"},{"floor":41,"key":"RECALL"},{"data":"Catalyst","floor":49,"key":"SMITH"},{"data":"Neutralize","floor":53,"key":"SMITH"}],"neow_cost":"TEN_PERCENT_HP_LOSS","seed_source_timestamp":284201282537190,"circlet_count":0,"master_deck":["AscendersBane","Defend_G","Defend_G","Defend_G","Defend_G+1","Defend_G","Strike_G","Strike_G+1","Survivor","Neutralize+1","Quick Slash+1","Crippling Poison+1","After Image","Noxious Fumes+1","PiercingWail","Bane","PiercingWail","Burst","Deflect+1","RitualDagger","PiercingWail+1","Footwork+1","Flechettes","Dodge and Roll","Envenom+1","After Image","Concentrate+1","Master of Strategy","Neutralize","Blur","Deadly Poison+1","PiercingWail","Good Instincts","Backflip","Catalyst+1","Crippling Poison+1"],"relics":["Ring of the Snake","Bird Faced Urn","Odd Mushroom","The Specimen","Whetstone","Tiny Chest","Runic Pyramid","Dream Catcher","Enchiridion","Blood Vial","Calipers","War Paint","Sozu","Pen Nib","Centennial Puzzle","Bronze Scales","Orichalcum","Ninja Scroll","Anchor"],"potions_floor_usage":[7,10,12,14,25,29,40,56],"damage_taken":[{"damage":0,"enemies":"2 Louse","floor":1,"turns":3},{"damage":2,"enemies":"Jaw Worm","floor":2,"turns":7},{"damage":1,"enemies":"Small Slimes","floor":3,"turns":5},{"damage":4,"enemies":"The Mushroom Lair","floor":7,"turns":4},{"damage":25,"enemies":"Lagavulin","floor":10,"turns":9},{"damage":8,"enemies":"Exordium Wildlife","floor":11,"turns":4},{"damage":0,"enemies":"Gremlin Nob","floor":12,"turns":2},{"damage":8,"enemies":"Looter","floor":13,"turns":4},{"damage":10,"enemies":"3 Sentries","floor":14,"turns":7},{"damage":29,"enemies":"The Guardian","floor":16,"turns":14},{"damage":3,"enemies":"Spheric Guardian","floor":18,"turns":8},{"damage":19,"enemies":"Book of Stabbing","floor":25,"turns":8},{"damage":6,"enemies":"2 Thieves","floor":27,"turns":4},{"damage":8,"enemies":"Gremlin Leader","floor":28,"turns":7},{"damage":10,"enemies":"3 Cultists","floor":29,"turns":7},{"damage":0,"enemies":"Snake Plant","floor":31,"turns":6},{"damage":20,"enemies":"Collector","floor":33,"turns":7},{"damage":0,"enemies":"3 Shapes","floor":35,"turns":5},{"damage":7,"enemies":"3 Darklings","floor":38,"turns":4},{"damage":5,"enemies":"Maw","floor":39,"turns":11},{"damage":17,"enemies":"Giant Head","floor":40,"turns":12},{"damage":4,"enemies":"Nemesis","floor":42,"turns":13},{"damage":27,"enemies":"Reptomancer","floor":44,"turns":8},{"damage":8,"enemies":"Nemesis","floor":46,"turns":9},{"damage":21,"enemies":"Awakened One","floor":50,"turns":19},{"damage":15,"enemies":"Donu and Deca","floor":51,"turns":8},{"damage":39,"enemies":"Shield and Spear","floor":55,"turns":6},{"damage":15,"enemies":"The Heart","floor":56,"turns":9}],"seed_played":"7043133534386660053","potions_obtained":[{"floor":1,"key":"EntropicBrew"},{"floor":3,"key":"Block Potion"},{"floor":25,"key":"Dexterity Potion"},{"floor":31,"key":"SpeedPotion"}],"is_trial":false,"path_per_floor":["M","M","M","$","?","R","?","R","T","E","M","E","M","E","R","B",null,"M","?","T","?","?","R","$","E","T","M","E","M","R","M","R","B",null,"M","$","?","M","M","E","R","E","T","E","?","E","T","$","R","B","B",null,"R","$","E","B",null],"character_chosen":"THE_SILENT","items_purchased":["Noxious Fumes","Footwork","PowerPotion","Weak Potion","Master of Strategy","Catalyst"],"campfire_rested":2,"item_purchase_floors":[4,24,24,24,36,48],"current_hp_per_floor":[59,57,56,56,45,45,45,45,45,24,20,24,20,14,32,7,47,48,42,42,21,21,39,39,30,30,30,32,32,32,44,44,36,54,60,60,60,59,60,43,43,53,53,40,30,36,36,36,36,29,28,52,52,52,25,24],"gold":66,"neow_bonus":"ONE_RARE_RELIC","is_prod":false,"is_daily":false,"chose_seed":false,"campfire_upgraded":6,"win_rate":0,"timestamp":1549073533,"path_taken":["M","M","M","$","?","R","?","R","T","E","M","E","M","E","R","BOSS","M","?","?","?","?","R","$","E","T","M","E","?","R","M","R","BOSS","M","$","?","M","?","E","R","E","T","E","?","E","?","$","R","BOSS","BOSS","R","$","E","BOSS"],"build_version":"2019-01-23","purchased_purges":3,"victory":true,"max_hp_per_floor":[60,60,60,60,60,60,60,60,60,60,60,60,60,60,60,60,60,60,60,60,60,60,60,60,60,60,60,60,60,60,60,60,60,60,60,60,60,60,60,60,60,60,60,60,60,60,60,60,60,60,60,60,60,60,60,60],"card_choices":[{"not_picked":["Heel Hook","Flying Knee"],"picked":"Quick Slash","floor":1},{"not_picked":["Bane","Riddle With Holes"],"picked":"Crippling Poison","floor":2},{"not_picked":["Poisoned Stab","Quick Slash"],"picked":"After Image","floor":3},{"not_picked":["Deflect","Bane"],"picked":"PiercingWail","floor":7},{"not_picked":["Backflip","Cloak And Dagger"],"picked":"Bane","floor":10},{"not_picked":["Quick Slash","Finisher","Acrobatics"],"picked":"SKIP","floor":11},{"not_picked":["Unload","Bouncing Flask","Quick Slash"],"picked":"SKIP","floor":13},{"not_picked":["Quick Slash","Deflect"],"picked":"PiercingWail","floor":14},{"not_picked":["Bullet Time","Doppelganger"],"picked":"Burst","floor":16},{"not_picked":["Reflex+1","Masterful Stab"],"picked":"Deflect+1","floor":18},{"not_picked":["Setup","Tactician"],"picked":"Flechettes","floor":25},{"not_picked":["Slice","Underhanded Strike","Bane"],"picked":"SKIP","floor":27},{"not_picked":["Backstab","Deflect"],"picked":"Dodge and Roll","floor":28},{"not_picked":["Bane","Masterful Stab"],"picked":"Envenom","floor":29},{"not_picked":["Well Laid Plans","Bane","Flying Knee"],"picked":"SKIP","floor":31},{"not_picked":["Well Laid Plans","Bane","Flying Knee"],"picked":"SKIP","floor":31},{"not_picked":["A Thousand Cuts","Envenom"],"picked":"After Image","floor":33},{"not_picked":["Heel Hook","Noxious Fumes+1"],"picked":"Concentrate+1","floor":35},{"not_picked":["Slice","Well Laid Plans","Cloak And Dagger"],"picked":"SKIP","floor":38},{"not_picked":["Prepared+1","Dash"],"picked":"Blur","floor":39},{"not_picked":["Dash","Backstab","Reflex"],"picked":"SKIP","floor":40},{"not_picked":["Endless Agony","Outmaneuver"],"picked":"Deadly Poison+1","floor":42},{"not_picked":["Setup","Dash+1"],"picked":"PiercingWail","floor":44},{"not_picked":["Enlightenment","Dramatic Entrance"],"picked":"Good Instincts","floor":45},{"not_picked":["Reflex","Masterful Stab"],"picked":"Backflip","floor":46},{"not_picked":["Slice","Flying Knee"],"picked":"Crippling Poison+1","floor":55}],"player_experience":4640368,"relics_obtained":[{"floor":7,"key":"Odd Mushroom"},{"floor":9,"key":"The Specimen"},{"floor":10,"key":"Whetstone"},{"floor":14,"key":"Tiny Chest"},{"floor":20,"key":"Dream Catcher"},{"floor":21,"key":"Enchiridion"},{"floor":25,"key":"Blood Vial"},{"floor":26,"key":"Calipers"},{"floor":28,"key":"War Paint"},{"floor":40,"key":"Pen Nib"},{"floor":42,"key":"Centennial Puzzle"},{"floor":44,"key":"Bronze Scales"},{"floor":46,"key":"Orichalcum"},{"floor":47,"key":"Ninja Scroll"},{"floor":55,"key":"Anchor"}],"event_choices":[{"damage_healed":0,"gold_gain":75,"player_choice":"Gather Gold","damage_taken":11,"max_hp_gain":0,"max_hp_loss":0,"event_name":"World of Goop","floor":5,"gold_loss":0},{"damage_healed":0,"gold_gain":0,"player_choice":"Fought Mushrooms","damage_taken":0,"max_hp_gain":0,"max_hp_loss":0,"event_name":"Mushrooms","floor":7,"gold_loss":0},{"damage_healed":0,"gold_gain":0,"player_choice":"Joined the Cult","damage_taken":6,"max_hp_gain":0,"max_hp_loss":0,"event_name":"Nest","floor":19,"gold_loss":0,"cards_obtained":["RitualDagger"]},{"damage_healed":0,"gold_gain":0,"player_choice":"Obtained Book","damage_taken":21,"max_hp_gain":0,"max_hp_loss":0,"event_name":"Cursed Tome","floor":21,"gold_loss":0},{"damage_healed":0,"gold_gain":0,"player_choice":"Read","damage_taken":0,"max_hp_gain":0,"max_hp_loss":0,"event_name":"The Library","floor":22,"gold_loss":0,"cards_obtained":["PiercingWail"]},{"damage_healed":0,"gold_gain":0,"player_choice":"1 cards matched","damage_taken":0,"max_hp_gain":0,"max_hp_loss":0,"event_name":"Match and Keep!","floor":37,"gold_loss":0,"cards_obtained":["Neutralize"]},{"damage_healed":0,"gold_gain":0,"player_choice":"Memory 3","damage_taken":10,"max_hp_gain":0,"max_hp_loss":0,"event_name":"SensoryStone","floor":45,"gold_loss":0}],"is_beta":true,"boss_relics":[{"not_picked":["Fusion Hammer","HoveringKite"],"picked":"Runic Pyramid"},{"not_picked":["Calling Bell","Velvet Choker"],"picked":"Sozu"}],"items_purged_floors":[24,36,48],"is_endless":false,"potions_floor_spawned":[1,3,11,12,25,31,33,35,38,42,55],"ascension_level":20}