{"gold_per_floor":[110,123,143,56,56,56,90,110,136,181,206,218,243,287,299,384,396,423,435,466,246,281,281,127,158,158,158,172,172,4,22,22,96,96,113,113,133,133,152,177,207,241,293,305,89,89,189,208,208,208,208,208,208,45,70,70],"floor_reached":57,"playtime":6777,"items_purged":["Strike_B","Strike_B"],"score":2935,"play_id":"9ff30d08-37a1-4c60-8594-42c9fb41b405","local_time":"20190220155515","is_ascension_mode":true,"campfire_choices":[{"data":"Zap","floor":6,"key":"SMITH"},{"data":"Darkness","floor":12,"key":"SMITH"},{"data":"Coolheaded","floor":15,"key":"SMITH"},{"data":"Defragment","floor":23,"key":"SMITH"},{"data":"Ghostly","floor":27,"key":"SMITH"},{"data":"Ghostly","floor":29,"key":"SMITH"},{"data":"Ghostly","floor":32,"key":"SMITH"},{"floor":46,"key":"RECALL"},{"data":"Buffer","floor":49,"key":"SMITH"},{"data":"Seek","floor":53,"key":"SMITH"}],"neow_cost":"NONE","seed_source_timestamp":458521146400105,"circlet_count":0,"master_deck":["AscendersBane","Strike_B","Strike_B","Defend_B","Defend_B","Defend_B","Defend_B","Zap+1","Dualcast","Glacier","Darkness+1","Ball Lightning","Self Repair","Compile Driver","Rip and Tear","Coolheaded+1","Seek+1","Creative AI","Ball Lightning","Ghostly+1","Ghostly+1","Ghostly+1","Defragment+1","Glacier","Undo+1","Echo Form","Genetic Algorithm+1","Buffer+1","Coolheaded+1","Conserve Battery","Storm","Defragment+1","Loop"],"relics":["FrozenCore","NeowsBlessing","Boot","MawBank","Vajra","Kunai","Snecko Eye","Happy Flower","Red Mask","Ice Cream","Bottled Tornado","WingedGreaves","Blue Candle","Calipers","Runic Capacitor","Torii","Bird Faced Urn"],"potions_floor_usage":[7,18,22,25,41,41,54,55,56],"damage_taken":[{"damage":0,"enemies":"Cultist","floor":1,"turns":1},{"damage":0,"enemies":"Jaw Worm","floor":2,"turns":1},{"damage":0,"enemies":"2 Louse","floor":3,"turns":1},{"damage":3,"enemies":"Lagavulin","floor":7,"turns":7},{"damage":18,"enemies":"Red Slaver","floor":8,"turns":3},{"damage":20,"enemies":"3 Sentries","floor":10,"turns":9},{"damage":1,"enemies":"Large Slime","floor":11,"turns":4},{"damage":6,"enemies":"Looter","floor":13,"turns":4},{"damage":5,"enemies":"Lagavulin","floor":14,"turns":7},{"damage":3,"enemies":"The Guardian","floor":16,"turns":11},{"damage":30,"enemies":"3 Byrds","floor":18,"turns":6},{"damage":1,"enemies":"Shell Parasite","floor":20,"turns":5},{"damage":0,"enemies":"Masked Bandits","floor":22,"turns":6},{"damage":0,"enemies":"Book of Stabbing","floor":25,"turns":4},{"damage":2,"enemies":"Centurion and Healer","floor":28,"turns":9},{"damage":0,"enemies":"3 Cultists","floor":31,"turns":6},{"damage":10,"enemies":"Champ","floor":33,"turns":14},{"damage":9,"enemies":"3 Shapes","floor":35,"turns":10},{"damage":4,"enemies":"Orb Walker","floor":37,"turns":7},{"damage":0,"enemies":"Maw","floor":39,"turns":9},{"damage":5,"enemies":"Giant Head","floor":40,"turns":13},{"damage":0,"enemies":"Reptomancer","floor":41,"turns":9},{"damage":10,"enemies":"Nemesis","floor":42,"turns":11},{"damage":0,"enemies":"Sphere and 2 Shapes","floor":44,"turns":11},{"damage":0,"enemies":"Mind Bloom Boss Battle","floor":47,"turns":8},{"damage":0,"enemies":"3 Darklings","floor":48,"turns":8},{"damage":0,"enemies":"Donu and Deca","floor":50,"turns":7},{"damage":10,"enemies":"Awakened One","floor":51,"turns":17},{"damage":7,"enemies":"Shield and Spear","floor":55,"turns":12},{"damage":35,"enemies":"The Heart","floor":56,"turns":12}],"seed_played":"2424909886714773167","potions_obtained":[{"floor":1,"key":"AttackPotion"},{"floor":3,"key":"SpeedPotion"},{"floor":11,"key":"Explosive Potion"},{"floor":13,"key":"Ancient Potion"},{"floor":18,"key":"AttackPotion"},{"floor":28,"key":"FearPotion"},{"floor":31,"key":"Weak Potion"},{"floor":38,"key":"SteroidPotion"},{"floor":42,"key":"Explosive Potion"},{"floor":44,"key":"Strength Potion"},{"floor":47,"key":"Regen Potion"},{"floor":48,"key":"Fruit Juice"}],"is_trial":false,"path_per_floor":["M","M","M","$","?","R","E","M","T","E","M","R","M","E","R","B",null,"M","?","M","$","?","R","$","E","T","R","M","R","$","M","R","B",null,"M","?","M","?","M","E","E","E","T","M","$","R","?","M","R","B","B",null,"R","$","E","B",null],"character_chosen":"DEFECT","items_purchased":["Self Repair","Happy Flower","Poison Potion","Echo Form","Runic Capacitor","Loop","GamblersBrew"],"campfire_rested":0,"item_purchase_floors":[4,21,24,30,45,54,54],"current_hp_per_floor":[64,64,64,64,54,54,58,47,47,34,40,40,41,43,43,47,65,42,35,35,35,35,35,35,35,35,35,35,35,35,35,35,35,35,35,33,29,29,33,33,33,33,33,33,33,33,33,33,33,33,33,33,33,38,38,38],"gold":70,"neow_bonus":"THREE_ENEMY_KILL","is_prod":false,"is_daily":false,"chose_seed":false,"campfire_upgraded":9,"win_rate":0,"timestamp":1550706915,"path_taken":["M","?","M","$","?","R","E","M","T","E","M","R","M","E","R","BOSS","M","?","M","$","?","R","$","E","T","R","M","R","$","M","R","BOSS","M","?","M","?","M","E","E","E","T","?","$","R","?","M","R","BOSS","BOSS","R","$","E","BOSS"],"build_version":"2019-02-06","purchased_purges":2,"victory":true,"max_hp_per_floor":[71,71,71,71,71,71,71,71,71,71,71,71,71,71,71,71,71,71,35,35,35,35,35,35,35,35,35,35,35,35,35,35,35,35,35,33,33,33,33,33,33,33,33,33,33,33,33,33,33,33,33,33,33,38,38,38],"card_choices":[{"not_picked":["Capacitor","Rebound"],"picked":"Glacier","floor":1},{"not_picked":["Stack","Streamline"],"picked":"Darkness","floor":2},{"not_picked":["Go for the Eyes","Conserve Battery"],"picked":"Ball Lightning","floor":3},{"not_picked":["Reprogram","Chaos","Turbo"],"picked":"SKIP","floor":7},{"not_picked":["Streamline","Leap"],"picked":"Compile Driver","floor":8},{"not_picked":["Redo","Creative AI"],"picked":"Rip and Tear","floor":10},{"not_picked":["Redo","Steam","Storm"],"picked":"SKIP","floor":11},{"not_picked":["Conserve Battery","Reinforced Body"],"picked":"Coolheaded","floor":13},{"not_picked":["Go for the Eyes","Consume"],"picked":"Seek","floor":14},{"not_picked":["Hyperbeam","Thunder Strike"],"picked":"Creative AI","floor":16},{"not_picked":["Chaos","Beam Cell"],"picked":"Ball Lightning","floor":18},{"not_picked":["Compile Driver","Gash"],"picked":"Defragment","floor":20},{"not_picked":["Coolheaded","Ball Lightning"],"picked":"Glacier","floor":22},{"not_picked":["Amplify","Defragment"],"picked":"Undo+1","floor":25},{"not_picked":["Reprogram","Compile Driver+1","Aggregate"],"picked":"SKIP","floor":28},{"not_picked":["BootSequence+1","FTL"],"picked":"Genetic Algorithm+1","floor":31},{"not_picked":["Amplify","Machine Learning"],"picked":"Buffer","floor":33},{"not_picked":["Redo+1","Chaos","Static Discharge"],"picked":"SKIP","floor":35},{"not_picked":["Streamline+1","Static Discharge"],"picked":"Coolheaded+1","floor":37},{"not_picked":["Reinforced Body+1","Compile Driver","Barrage+1"],"picked":"SKIP","floor":39},{"not_picked":["Rip and Tear","Scrape","Compile Driver"],"picked":"SKIP","floor":40},{"not_picked":["Rip and Tear","Scrape","Compile Driver"],"picked":"SKIP","floor":40},{"not_picked":["Aggregate","Machine Learning"],"picked":"Conserve Battery","floor":41},{"not_picked":["Gash","Steam+1","Fission"],"picked":"SKIP","floor":42},{"not_picked":["Stack","Reprogram+1"],"picked":"Storm","floor":44},{"not_picked":["Cold Snap+1","Leap"],"picked":"Defragment+1","floor":47},{"not_picked":["Hologram","Chill","Sweeping Beam"],"picked":"SKIP","floor":48},{"not_picked":["Hologram","Cold Snap","Steam"],"picked":"SKIP","floor":55}],"player_experience":4869251,"relics_obtained":[{"floor":7,"key":"Boot"},{"floor":9,"key":"MawBank"},{"floor":10,"key":"Vajra"},{"floor":14,"key":"Kunai"},{"floor":22,"key":"Red Mask"},{"floor":25,"key":"Ice Cream"},{"floor":26,"key":"Bottled Tornado"},{"floor":40,"key":"WingedGreaves"},{"floor":41,"key":"Blue Candle"},{"floor":42,"key":"Calipers"},{"floor":47,"key":"Torii"},{"floor":55,"key":"Bird Faced Urn"}],"event_choices":[{"damage_healed":0,"gold_gain":0,"player_choice":"Damaged","damage_taken":10,"max_hp_gain":0,"max_hp_loss":0,"event_name":"Wheel of Change","floor":5,"gold_loss":0},{"damage_healed":0,"gold_gain":0,"player_choice":"Became a Ghost","damage_taken":0,"max_hp_gain":0,"max_hp_loss":36,"event_name":"Ghosts","floor":19,"gold_loss":0,"cards_obtained":["Ghostly","Ghostly","Ghostly"]},{"damage_healed":0,"gold_gain":0,"player_choice":"Fought Bandits","damage_taken":0,"max_hp_gain":0,"max_hp_loss":0,"event_name":"Masked Bandits","floor":22,"gold_loss":0},{"damage_healed":0,"gold_gain":0,"player_choice":"Max HP","damage_taken":0,"max_hp_gain":0,"max_hp_loss":2,"event_name":"Winding Halls","floor":36,"gold_loss":0},{"damage_healed":0,"gold_gain":0,"player_choice":"Got Potions","damage_taken":0,"max_hp_gain":0,"max_hp_loss":0,"event_name":"Lab","floor":38,"gold_loss":0},{"damage_healed":0,"gold_gain":0,"player_choice":"Fight","damage_taken":0,"max_hp_gain":0,"max_hp_loss":0,"event_name":"MindBloom","floor":47,"gold_loss":0}],"is_beta":true,"boss_relics":[{"not_picked":["Empty Cage","Busted Crown"],"picked":"Snecko Eye"},{"not_picked":["Calling Bell","Runic Pyramid"],"picked":"FrozenCore"}],"items_purged_floors":[21,24],"is_endless":false,"potions_floor_spawned":[1,3,11,13,14,18,28,31,40,42,44,47,48],"ascension_level":20}