{"gold_per_floor":[18,18,28,28,41,41,74,95,143,143,178,178,178,178,178,178],"floor_reached":16,"playtime":693,"items_purged":[],"score":216,"play_id":"17228aea-e3a3-442a-b840-19ba2d35b4da","local_time":"20190217162119","is_ascension_mode":true,"campfire_choices":[{"data":"Rip and Tear","floor":6,"key":"SMITH"},{"floor":10,"key":"REST"},{"floor":15,"key":"REST"}],"neow_cost":"NO_GOLD","seed_source_timestamp":206995284436662,"circlet_count":0,"master_deck":["AscendersBane","Strike_B","Strike_B","Defend_B","Defend_B","Defend_B","Zap+1","Dualcast","Rip and Tear+1","Coolheaded","Conserve Battery","Gash","Hologram","FTL","Decay","Hologram"],"relics":["Cracked Core","Juzu Bracelet","Odd Mushroom","Dream Catcher","Smiling Mask"],"potions_floor_usage":[7,8,12],"damage_taken":[{"damage":0,"enemies":"Cultist","floor":1,"turns":3},{"damage":7,"enemies":"Small Slimes","floor":3,"turns":2},{"damage":0,"enemies":"2 Louse","floor":5,"turns":2},{"damage":12,"enemies":"3 Sentries","floor":7,"turns":5},{"damage":14,"enemies":"The Mushroom Lair","floor":8,"turns":4},{"damage":39,"enemies":"Gremlin Nob","floor":11,"turns":4},{"damage":0,"enemies":"Gremlin Gang","floor":12,"turns":1},{"damage":36,"enemies":"The Guardian","floor":16,"turns":13}],"seed_played":"-6922324797646968462","potions_obtained":[{"floor":1,"key":"Weak Potion"},{"floor":3,"key":"Explosive Potion"},{"floor":8,"key":"SmokeBomb"}],"is_trial":false,"path_per_floor":["M","$","M","?","M","R","E","?","T","R","E","M","?","?","R","B"],"character_chosen":"DEFECT","items_purchased":[],"campfire_rested":2,"item_purchase_floors":[],"current_hp_per_floor":[64,64,57,57,57,57,45,31,31,52,13,13,13,13,34,0],"gold":178,"neow_bonus":"REMOVE_TWO","is_prod":false,"is_daily":false,"chose_seed":false,"campfire_upgraded":1,"win_rate":0,"timestamp":1550449279,"path_taken":["M","?","M","?","M","R","E","?","T","R","E","M","?","?","R","BOSS"],"build_version":"2019-02-06","purchased_purges":0,"victory":false,"max_hp_per_floor":[71,71,71,71,71,71,71,71,71,71,71,71,71,71,71,71],"card_choices":[{"not_picked":["Consume","Redo"],"picked":"Rip and Tear","floor":1},{"not_picked":["Sweeping Beam","Steam"],"picked":"Coolheaded","floor":3},{"not_picked":["Beam Cell","Go for the Eyes"],"picked":"Conserve Battery","floor":5},{"not_picked":["Steam Power","Rip and Tear","Heatsinks"],"picked":"SKIP","floor":7},{"not_picked":["White Noise","Aggregate"],"picked":"Gash","floor":8},{"not_picked":["Turbo","Streamline"],"picked":"Hologram","floor":10},{"not_picked":["Steam","Hologram"],"picked":"FTL","floor":11},{"not_picked":["Cold Snap","Sunder"],"picked":"Hologram","floor":15}],"player_experience":4861423,"relics_obtained":[{"floor":7,"key":"Juzu Bracelet"},{"floor":8,"key":"Odd Mushroom"},{"floor":9,"key":"Dream Catcher"},{"floor":11,"key":"Smiling Mask"}],"event_choices":[{"damage_healed":0,"gold_gain":0,"player_choice":"Grow","damage_taken":0,"max_hp_gain":0,"max_hp_loss":0,"event_name":"Living Wall","floor":4,"gold_loss":0,"cards_upgraded":["Zap"]},{"damage_healed":0,"gold_gain":0,"player_choice":"Fought Mushrooms","damage_taken":0,"max_hp_gain":0,"max_hp_loss":0,"event_name":"Mushrooms","floor":8,"gold_loss":0},{"cards_removed":["Strike_B"],"damage_healed":0,"gold_gain":0,"player_choice":"Purged","damage_taken":0,"max_hp_gain":0,"max_hp_loss":0,"event_name":"Purifier","floor":13,"gold_loss":0},{"damage_healed":0,"gold_gain":0,"player_choice":"Cursed","damage_taken":0,"max_hp_gain":0,"max_hp_loss":0,"event_name":"Wheel of Change","floor":14,"gold_loss":0,"cards_obtained":["Decay"]}],"is_beta":true,"boss_relics":[],"items_purged_floors":[],"is_endless":false,"potions_floor_spawned":[1,3,5,8],"killed_by":"The Guardian","ascension_level":20}