{"gold_per_floor":[116,126,126,136,186,217,217,243,267,297,308,323,343,296,296,375,375,388,388,388,3,23,23,56,56,56,75,94,105,105,21,21,21],"floor_reached":33,"playtime":1877,"items_purged":[],"score":574,"play_id":"613ad8fd-3447-44fa-a020-b6fd42b48b5d","local_time":"20190215071627","is_ascension_mode":true,"campfire_choices":[{"data":"Zap","floor":7,"key":"SMITH"},{"floor":15,"key":"REST"},{"data":"Conserve Battery","floor":23,"key":"SMITH"},{"floor":25,"key":"REST"},{"data":"Seek","floor":30,"key":"SMITH"},{"data":"Darkness","floor":32,"key":"SMITH"}],"neow_cost":"NONE","seed_source_timestamp":317214221662,"circlet_count":0,"master_deck":["AscendersBane","Defend_B","Defend_B","Defend_B","Defend_B","Zap+1","Dualcast","Ball Lightning","Genetic Algorithm","Undo","BootSequence","FTL","Cold Snap","Seek+1","Buffer+1","Tempest+1","Scrape+1","Conserve Battery+1","Meteor Strike","Ball Lightning","Ball Lightning+1","Skim+1","Darkness+1"],"relics":["Cracked Core","NeowsBlessing","Happy Flower","Pen Nib","Omamori","Lantern","Astrolabe","DataDisk","OrangePellets","Du-Vu Doll","Pear"],"potions_floor_usage":[6,8,8,24],"damage_taken":[{"damage":0,"enemies":"Small Slimes","floor":1,"turns":1},{"damage":0,"enemies":"Cultist","floor":2,"turns":1},{"damage":0,"enemies":"2 Louse","floor":4,"turns":1},{"damage":25,"enemies":"Lagavulin","floor":6,"turns":7},{"damage":12,"enemies":"Gremlin Nob","floor":8,"turns":4},{"damage":27,"enemies":"3 Sentries","floor":10,"turns":8},{"damage":1,"enemies":"Exordium Thugs","floor":11,"turns":4},{"damage":0,"enemies":"Lots of Slimes","floor":12,"turns":4},{"damage":0,"enemies":"3 Louse","floor":13,"turns":3},{"damage":9,"enemies":"The Guardian","floor":16,"turns":13},{"damage":0,"enemies":"Spheric Guardian","floor":18,"turns":5},{"damage":0,"enemies":"Chosen","floor":22,"turns":3},{"damage":24,"enemies":"Gremlin Leader","floor":24,"turns":6},{"damage":11,"enemies":"3 Cultists","floor":27,"turns":4},{"damage":0,"enemies":"Sentry and Sphere","floor":28,"turns":4},{"damage":0,"enemies":"Snake Plant","floor":29,"turns":2},{"damage":65,"enemies":"Automaton","floor":33,"turns":8}],"seed_played":"4727990535842824356","potions_obtained":[{"floor":2,"key":"Poison Potion"},{"floor":4,"key":"PowerPotion"},{"floor":6,"key":"EssenceOfSteel"},{"floor":16,"key":"Fire Potion"},{"floor":18,"key":"FearPotion"},{"floor":28,"key":"SkillPotion"}],"is_trial":false,"path_per_floor":["M","M","?","M","?","E","R","E","T","E","M","M","M","?","R","B",null,"M","?","?","$","M","R","E","R","T","M","M","M","R","$","R","B"],"character_chosen":"DEFECT","items_purchased":["DataDisk","OrangePellets","Darkness"],"campfire_rested":2,"item_purchase_floors":[21,21,31],"current_hp_per_floor":[64,64,71,71,71,46,46,34,34,7,6,6,6,6,27,18,58,58,58,58,58,58,58,34,55,65,54,54,54,54,54,54,0],"gold":21,"neow_bonus":"THREE_ENEMY_KILL","is_prod":false,"is_daily":false,"chose_seed":false,"campfire_upgraded":4,"win_rate":0,"timestamp":1550243787,"path_taken":["M","M","?","?","?","E","R","E","T","E","?","M","M","?","R","BOSS","M","?","?","$","M","R","E","R","T","?","M","M","R","$","R","BOSS"],"build_version":"2019-02-06","purchased_purges":0,"victory":false,"max_hp_per_floor":[71,71,71,71,71,71,71,71,71,71,71,71,71,71,71,71,71,71,71,71,71,71,71,71,71,81,81,81,81,81,81,81,81],"card_choices":[{"not_picked":["Self Repair","Compile Driver"],"picked":"Ball Lightning","floor":1},{"not_picked":["Recycle","Streamline","Barrage"],"picked":"SKIP","floor":2},{"not_picked":["Chill","Cold Snap"],"picked":"Genetic Algorithm","floor":4},{"not_picked":["Compile Driver","Streamline"],"picked":"Undo","floor":6},{"not_picked":["White Noise","Rip and Tear"],"picked":"BootSequence","floor":8},{"not_picked":["Hello World","Blizzard","Turbo"],"picked":"SKIP","floor":10},{"not_picked":["Turbo","Sweeping Beam"],"picked":"FTL","floor":11},{"not_picked":["Fusion","Undo"],"picked":"Cold Snap","floor":12},{"not_picked":["Barrage","Stack","Turbo"],"picked":"SKIP","floor":13},{"not_picked":["Multi-Cast","Hyperbeam"],"picked":"Seek","floor":16},{"not_picked":["Cold Snap","Beam Cell+1"],"picked":"Conserve Battery","floor":18},{"not_picked":["Turbo","Machine Learning"],"picked":"Ball Lightning","floor":22},{"not_picked":["Scrape","Steam"],"picked":"Ball Lightning+1","floor":24},{"not_picked":["Tempest","Redo","Barrage"],"picked":"SKIP","floor":27},{"not_picked":["Heatsinks","Leap","Scrape"],"picked":"SKIP","floor":28},{"not_picked":["Melter","Chaos"],"picked":"Skim+1","floor":29}],"player_experience":4837872,"relics_obtained":[{"floor":6,"key":"Happy Flower"},{"floor":8,"key":"Pen Nib"},{"floor":9,"key":"Omamori"},{"floor":10,"key":"Lantern"},{"floor":24,"key":"Du-Vu Doll"},{"floor":26,"key":"Pear"}],"event_choices":[{"damage_healed":7,"gold_gain":0,"player_choice":"Full Heal","damage_taken":0,"max_hp_gain":0,"max_hp_loss":0,"event_name":"Wheel of Change","floor":3,"gold_loss":0},{"damage_healed":0,"gold_gain":50,"player_choice":"Pray","damage_taken":0,"max_hp_gain":0,"max_hp_loss":0,"event_name":"Golden Shrine","floor":5,"gold_loss":0},{"damage_healed":0,"gold_gain":0,"player_choice":"Left Gold","damage_taken":0,"max_hp_gain":0,"max_hp_loss":0,"event_name":"World of Goop","floor":14,"gold_loss":47},{"damage_healed":0,"gold_gain":0,"player_choice":"Ignored","damage_taken":0,"max_hp_gain":0,"max_hp_loss":0,"event_name":"Vampires","floor":19,"gold_loss":0},{"damage_healed":0,"gold_gain":0,"cards_transformed":["Strike_B"],"player_choice":"Transformed","damage_taken":0,"max_hp_gain":0,"max_hp_loss":0,"event_name":"Transmorgrifier","floor":20,"gold_loss":0,"cards_obtained":["Meteor Strike"]}],"is_beta":true,"boss_relics":[{"not_picked":["Runic Dome","Lizard Tail"],"picked":"Astrolabe"}],"items_purged_floors":[],"is_endless":false,"potions_floor_spawned":[2,4,6,16,18,22,28],"killed_by":"Automaton","ascension_level":20}