{"gold_per_floor":[112,112,112,126,139,139,119,162,239,4,335,12,12,25,25,124,124,139,155,168,187,187,187,187],"floor_reached":24,"playtime":1528,"items_purged":["Strike_G"],"score":512,"play_id":"60552be8-02d1-4c0c-93d4-8bd1d4580b05","local_time":"20190216115955","is_ascension_mode":true,"campfire_choices":[{"data":"Quick Slash","floor":6,"key":"SMITH"},{"data":"Noxious Fumes","floor":13,"key":"SMITH"},{"data":"Crippling Poison","floor":15,"key":"SMITH"},{"data":"Ghostly","floor":23,"key":"SMITH"}],"neow_cost":"NONE","seed_source_timestamp":104075850016404,"circlet_count":0,"master_deck":["AscendersBane","Survivor","Neutralize+1","PiercingWail","Terror","Quick Slash+1","Noxious Fumes+1","Footwork","Predator","Well Laid Plans","Crippling Poison+1","Die Die Die","Prepared","Deflect","Glass Knife","Riddle With Holes","Malaise","A Thousand Cuts","Heel Hook","Crippling Poison","Expertise","Dodge and Roll","Prepared+1","Dodge and Roll","Ghostly+1","Ghostly","Ghostly"],"relics":["Ring of the Snake","Whetstone","Golden Idol","Pen Nib","Shuriken","Lantern","Old Coin","Regal Pillow","Pandora\u0027s Box"],"potions_floor_usage":[8,16,20,24,24],"damage_taken":[{"damage":0,"enemies":"2 Louse","floor":1,"turns":2},{"damage":0,"enemies":"Jaw Worm","floor":4,"turns":4},{"damage":0,"enemies":"Cultist","floor":5,"turns":3},{"damage":28,"enemies":"Lagavulin","floor":8,"turns":6},{"damage":19,"enemies":"3 Sentries","floor":11,"turns":7},{"damage":0,"enemies":"Lots of Slimes","floor":14,"turns":4},{"damage":0,"enemies":"The Guardian","floor":16,"turns":9},{"damage":6,"enemies":"3 Byrds","floor":18,"turns":4},{"damage":3,"enemies":"Chosen","floor":19,"turns":5},{"damage":15,"enemies":"Sentry and Sphere","floor":20,"turns":5},{"damage":3,"enemies":"Snake Plant","floor":21,"turns":5},{"damage":30,"enemies":"Slavers","floor":24,"turns":3}],"seed_played":"-5271642407453114345","potions_obtained":[{"floor":5,"key":"Regen Potion"},{"floor":7,"key":"LiquidBronze"},{"floor":14,"key":"AttackPotion"},{"floor":18,"key":"Regen Potion"},{"floor":21,"key":"Explosive Potion"}],"is_trial":false,"path_per_floor":["M","?","?","M","M","R","?","E","T","$","E","$","R","M","R","B",null,"M","M","M","M","?","R","E"],"character_chosen":"THE_SILENT","items_purchased":["Footwork","Lantern","Well Laid Plans","Regal Pillow"],"campfire_rested":0,"item_purchase_floors":[10,10,12,12],"current_hp_per_floor":[59,59,54,54,54,54,54,40,40,40,21,21,21,21,21,21,50,44,41,41,38,30,30,0],"gold":187,"neow_bonus":"RANDOM_COMMON_RELIC","is_prod":false,"is_daily":false,"chose_seed":false,"campfire_upgraded":4,"win_rate":0,"timestamp":1550347195,"path_taken":["M","?","?","M","M","R","?","E","T","$","E","$","R","M","R","BOSS","M","?","?","M","?","R","E"],"build_version":"2019-02-06","purchased_purges":1,"victory":false,"max_hp_per_floor":[66,60,60,60,60,60,60,60,60,60,60,60,60,60,60,60,60,60,60,60,60,30,30,30],"card_choices":[{"not_picked":["Blade Dance","Slice"],"picked":"PiercingWail","floor":1},{"not_picked":["Backflip","Outmaneuver"],"picked":"Terror","floor":4},{"not_picked":["PiercingWail","Outmaneuver"],"picked":"Quick Slash","floor":5},{"not_picked":["Leg Sweep","Tactician"],"picked":"Noxious Fumes","floor":8},{"not_picked":["Slice","Flying Knee"],"picked":"Predator","floor":11},{"not_picked":["Backflip","Cloak And Dagger"],"picked":"Crippling Poison","floor":14},{"not_picked":["Bullet Time","Envenom"],"picked":"Die Die Die","floor":16},{"not_picked":["Poisoned Stab","Prepared"],"picked":"Dodge and Roll","floor":18},{"not_picked":["Caltrops","Finisher"],"picked":"Prepared+1","floor":19},{"not_picked":["Dagger Throw","Underhanded Strike"],"picked":"Dodge and Roll","floor":20},{"not_picked":["Quick Slash","Deadly Poison","Underhanded Strike+1"],"picked":"SKIP","floor":21}],"player_experience":4843883,"relics_obtained":[{"floor":8,"key":"Shuriken"},{"floor":11,"key":"Old Coin"}],"event_choices":[{"damage_healed":0,"gold_gain":0,"player_choice":"Lose Max HP","damage_taken":0,"relics_obtained":["Golden Idol"],"max_hp_gain":0,"max_hp_loss":6,"event_name":"Golden Idol","floor":2,"gold_loss":0},{"damage_healed":0,"gold_gain":0,"player_choice":"Success","damage_taken":5,"relics_obtained":["Pen Nib"],"max_hp_gain":0,"max_hp_loss":0,"event_name":"Scrap Ooze","floor":3,"gold_loss":0},{"damage_healed":0,"gold_gain":0,"player_choice":"Bought 1 Potion","damage_taken":0,"max_hp_gain":0,"max_hp_loss":0,"event_name":"The Woman in Blue","floor":7,"gold_loss":0},{"damage_healed":0,"gold_gain":0,"player_choice":"Became a Ghost","damage_taken":0,"max_hp_gain":0,"max_hp_loss":30,"event_name":"Ghosts","floor":22,"gold_loss":0,"cards_obtained":["Ghostly","Ghostly","Ghostly"]}],"is_beta":true,"boss_relics":[{"not_picked":["Eternal Feather","Lizard Tail"],"picked":"Pandora\u0027s Box"}],"items_purged_floors":[12],"is_endless":false,"potions_floor_spawned":[5,14,18,19,21],"killed_by":"Slavers","ascension_level":20}