{"gold_per_floor":[116,131,56,71,146,146,181,201,228,243,243,259,292,311,311,387,387,402,76,87,87,87,87,114,114,114,140,140,159,49,66,66,66],"floor_reached":33,"playtime":2696,"items_purged":["Strike_R"],"score":644,"play_id":"837a6b4c-edc3-40ed-8070-a445e26e34ba","local_time":"20190217170628","is_ascension_mode":true,"campfire_choices":[{"data":"Uppercut","floor":6,"key":"SMITH"},{"data":"Feed","floor":11,"key":"SMITH"},{"data":"Metallicize","floor":15,"key":"SMITH"},{"floor":23,"key":"REST"},{"floor":25,"key":"REST"},{"data":"Offering","floor":28,"key":"SMITH"},{"data":"Burning Pact","floor":32,"key":"SMITH"}],"neow_cost":"CURSE","seed_source_timestamp":207702440522590,"circlet_count":0,"master_deck":["AscendersBane","Strike_R+1","Strike_R","Strike_R","Defend_R","Defend_R","Defend_R","Defend_R","Bash","Feed+1","Metallicize+1","Uppercut+1","Twin Strike","Armaments","Anger","Offering+1","Shrug It Off","Reaper","Burning Pact+1","Corruption","Burning Pact","Whirlwind+1","True Grit","Body Slam+1"],"relics":["Burning Blood","Orichalcum","Pen Nib","Ancient Tea Set","Cursed Key","Lantern","Charon\u0027s Ashes","Boot"],"potions_floor_usage":[7,18,24,33,33],"damage_taken":[{"damage":4,"enemies":"Small Slimes","floor":1,"turns":4},{"damage":5,"enemies":"2 Louse","floor":2,"turns":3},{"damage":7,"enemies":"Jaw Worm","floor":4,"turns":6},{"damage":6,"enemies":"Gremlin Nob","floor":7,"turns":3},{"damage":6,"enemies":"Looter","floor":8,"turns":4},{"damage":5,"enemies":"Red Slaver","floor":10,"turns":3},{"damage":13,"enemies":"Large Slime","floor":12,"turns":7},{"damage":13,"enemies":"3 Sentries","floor":13,"turns":9},{"damage":1,"enemies":"3 Louse","floor":14,"turns":3},{"damage":26,"enemies":"The Guardian","floor":16,"turns":14},{"damage":10,"enemies":"2 Thieves","floor":18,"turns":4},{"damage":22,"enemies":"Spheric Guardian","floor":20,"turns":6},{"damage":73,"enemies":"Gremlin Leader","floor":24,"turns":6},{"damage":29,"enemies":"Book of Stabbing","floor":27,"turns":5},{"damage":29,"enemies":"3 Cultists","floor":29,"turns":5},{"damage":17,"enemies":"Centurion and Healer","floor":31,"turns":6},{"damage":104,"enemies":"Champ","floor":33,"turns":19}],"seed_played":"-8597108612941741121","potions_obtained":[{"floor":1,"key":"AttackPotion"},{"floor":4,"key":"Dexterity Potion"},{"floor":8,"key":"PowerPotion"},{"floor":16,"key":"Strength Potion"},{"floor":27,"key":"LiquidBronze"},{"floor":29,"key":"EssenceOfSteel"},{"floor":31,"key":"PowerPotion"}],"is_trial":false,"path_per_floor":["M","M","?","M","?","R","E","M","T","M","R","M","E","M","R","B",null,"M","$","M","?","?","R","E","R","T","E","R","M","?","M","R","B"],"character_chosen":"IRONCLAD","items_purchased":["Corruption","Lantern"],"campfire_rested":2,"item_purchase_floors":[19,19],"current_hp_per_floor":[73,77,77,79,68,68,68,71,71,75,75,72,69,78,78,62,95,106,106,98,63,63,98,43,78,78,61,61,66,66,79,79,0],"gold":66,"neow_bonus":"THREE_RARE_CARDS","is_prod":false,"is_daily":false,"chose_seed":false,"campfire_upgraded":5,"win_rate":0,"timestamp":1550451988,"path_taken":["M","M","?","M","?","R","E","M","T","M","R","M","E","M","R","BOSS","M","$","M","?","?","R","E","R","T","E","R","M","?","M","R","BOSS"],"build_version":"2019-02-06","purchased_purges":1,"victory":false,"max_hp_per_floor":[78,81,81,84,84,84,84,87,87,90,90,94,98,102,102,106,106,110,110,114,119,119,119,119,119,119,119,119,123,123,127,127,127],"card_choices":[{"not_picked":["Exhume","Berserk"],"picked":"Feed","floor":0},{"not_picked":["Pummel","Perfected Strike"],"picked":"Metallicize","floor":1},{"not_picked":["Blood for Blood","Perfected Strike"],"picked":"Uppercut","floor":2},{"not_picked":["Havoc","Flex"],"picked":"Twin Strike","floor":4},{"not_picked":["Cleave","Seeing Red","Warcry"],"picked":"SKIP","floor":7},{"not_picked":["Flex","Shockwave"],"picked":"Armaments","floor":8},{"not_picked":["Clash","Intimidate","Bloodletting"],"picked":"SKIP","floor":10},{"not_picked":["Havoc","Clothesline"],"picked":"Anger","floor":12},{"not_picked":["Searing Blow","Carnage"],"picked":"Offering","floor":13},{"not_picked":["Sword Boomerang","Sentinel"],"picked":"Shrug It Off","floor":14},{"not_picked":["Offering","Demon Form"],"picked":"Reaper","floor":16},{"not_picked":["Warcry","Clash+1"],"picked":"Burning Pact","floor":18},{"not_picked":["Pummel","Body Slam"],"picked":"Burning Pact","floor":20},{"not_picked":["Thunderclap","Pommel Strike"],"picked":"Whirlwind+1","floor":24},{"not_picked":["Power Through","Carnage"],"picked":"True Grit","floor":27},{"not_picked":["Anger","Havoc"],"picked":"Body Slam+1","floor":29},{"not_picked":["Rage","Immolate","Combust"],"picked":"SKIP","floor":31}],"player_experience":4862116,"relics_obtained":[{"floor":7,"key":"Orichalcum"},{"floor":9,"key":"Pen Nib"},{"floor":13,"key":"Ancient Tea Set"},{"floor":24,"key":"Charon\u0027s Ashes"},{"floor":27,"key":"Boot"}],"event_choices":[{"cards_removed":["Doubt"],"damage_healed":0,"gold_gain":0,"player_choice":"Card Removal","damage_taken":0,"max_hp_gain":0,"max_hp_loss":0,"event_name":"The Cleric","floor":3,"gold_loss":75},{"damage_healed":0,"gold_gain":75,"player_choice":"Gather Gold","damage_taken":11,"max_hp_gain":0,"max_hp_loss":0,"event_name":"World of Goop","floor":5,"gold_loss":0},{"damage_healed":0,"gold_gain":0,"player_choice":"Shed Blood","damage_taken":40,"max_hp_gain":5,"max_hp_loss":0,"event_name":"Forgotten Altar","floor":21,"gold_loss":0},{"damage_healed":0,"gold_gain":0,"player_choice":"Ignored","damage_taken":0,"max_hp_gain":0,"max_hp_loss":0,"event_name":"The Mausoleum","floor":22,"gold_loss":0},{"cards_removed":["Strike_R"],"damage_healed":0,"gold_gain":0,"player_choice":"Upgrade and Remove","damage_taken":0,"max_hp_gain":0,"max_hp_loss":0,"event_name":"Designer","floor":30,"gold_loss":110,"cards_upgraded":["Strike_R"]}],"is_beta":true,"boss_relics":[{"not_picked":["Mark of Pain","Black Star"],"picked":"Cursed Key"}],"items_purged_floors":[19],"is_endless":false,"potions_floor_spawned":[1,4,8,10,16,27,29,31],"killed_by":"Champ","ascension_level":20}