{"gold_per_floor":[115,40,55,55,55,86,99,119,119,119,38,55,55,74,74,152,152,162,162,182,15,34,64,64,96,96,106,26,26,60,74,74,146,146,163,174,73,73,10,44,44,70,97,97,97,97,107,125,125,125,125,125,125,25,53,53],"floor_reached":56,"playtime":4944,"items_purged":["Strike_B","Strike_B","Zap+1"],"score":2130,"play_id":"e2847194-4a83-454b-ad43-aa13d50e5d06","local_time":"20190214115400","is_ascension_mode":true,"campfire_choices":[{"data":"Electrodynamics","floor":10.0,"key":"SMITH"},{"data":"Self Repair","floor":13.0,"key":"SMITH"},{"data":"Leap","floor":15.0,"key":"SMITH"},{"data":"Hologram","floor":24,"key":"SMITH"},{"data":"Conserve Battery","floor":29,"key":"SMITH"},{"data":"Echo Form","floor":32,"key":"SMITH"},{"data":"Defragment","floor":41,"key":"SMITH"},{"data":"Defragment","floor":44,"key":"SMITH"},{"floor":49,"key":"RECALL"},{"data":"Echo Form","floor":53,"key":"SMITH"}],"neow_cost":"NONE","seed_source_timestamp":0,"circlet_count":0,"master_deck":["AscendersBane","Defend_B","Defend_B+1","Defend_B","Dualcast+1","Ball Lightning+1","Compile Driver","Electrodynamics+1","Chill","Hologram+1","Leap+1","Self Repair+1","Echo Form+1","Reinforced Body+1","Conserve Battery+1","Echo Form+1","Barrage+1","Sunder+1","Defragment+1","Glacier","Defragment+1","Coolheaded+1","Recycle+1","Hologram"],"special_seed":0,"relics":["Cracked Core","Omamori","Meat on the Bone","The Courier","Snecko Eye","Chemical X","War Paint","Singing Bowl","Cables","Unceasing Top","Inserter","Vajra","Turnip"],"potions_floor_usage":[23,56,56],"damage_taken":[{"damage":2.0,"enemies":"Jaw Worm","floor":1.0,"turns":3.0},{"damage":2.0,"enemies":"Small Slimes","floor":3.0,"turns":3.0},{"damage":30.0,"enemies":"3 Sentries","floor":6.0,"turns":7.0},{"damage":0.0,"enemies":"2 Louse","floor":7.0,"turns":3.0},{"damage":1.0,"enemies":"Exordium Wildlife","floor":8.0,"turns":3.0},{"damage":9.0,"enemies":"Exordium Thugs","floor":12.0,"turns":3.0},{"damage":4.0,"enemies":"2 Fungi Beasts","floor":14.0,"turns":3.0},{"damage":37.0,"enemies":"Slime Boss","floor":16.0,"turns":8.0},{"damage":1.0,"enemies":"Spheric Guardian","floor":18.0,"turns":5.0},{"damage":0,"enemies":"3 Byrds","floor":20,"turns":2},{"damage":0,"enemies":"Snake Plant","floor":22,"turns":5},{"damage":37,"enemies":"Book of Stabbing","floor":23,"turns":5},{"damage":7,"enemies":"Slavers","floor":25,"turns":2},{"damage":27,"enemies":"Cultist and Chosen","floor":27,"turns":4},{"damage":0,"enemies":"Gremlin Leader","floor":30,"turns":4},{"damage":0,"enemies":"3 Cultists","floor":31,"turns":3},{"damage":29,"enemies":"Automaton","floor":33,"turns":12},{"damage":13,"enemies":"Orb Walker","floor":35,"turns":4},{"damage":9,"enemies":"3 Darklings","floor":36,"turns":5},{"damage":0,"enemies":"Nemesis","floor":40,"turns":17},{"damage":0,"enemies":"Reptomancer","floor":42,"turns":6},{"damage":15,"enemies":"Jaw Worm Horde","floor":47,"turns":5},{"damage":0,"enemies":"Writhing Mass","floor":48,"turns":6},{"damage":0,"enemies":"Time Eater","floor":50,"turns":19},{"damage":11,"enemies":"Awakened One","floor":51,"turns":14},{"damage":28,"enemies":"Shield and Spear","floor":55,"turns":6},{"damage":69,"enemies":"The Heart","floor":56,"turns":5}],"seed_played":"3278557402525625612","potions_obtained":[{"floor":6.0,"key":"LiquidBronze"},{"floor":16.0,"key":"AttackPotion"},{"floor":18.0,"key":"PowerPotion"},{"floor":25,"key":"Block Potion"},{"floor":47,"key":"LiquidBronze"}],"is_trial":false,"path_per_floor":["M","?","M","?","?","E","M","M","T","R","$","M","R","M","R","B",null,"M","?","M","$","M","E","R","E","T","M","$","R","E","M","R","B",null,"M","M","$","?","$","E","R","E","T","R","?","?","M","M","R","B","B",null,"R","$","E","B"],"character_chosen":"DEFECT","items_purchased":["Leap","Chemical X","Defragment","Glacier","Defragment"],"campfire_rested":0,"item_purchase_floors":[11,21,37,37,39],"current_hp_per_floor":[62,62,60,60,42,12,24,35,35,35,35,38,38,56,56,41,64,71,71,71,71,71,66,66,61,61,66,66,66,75,77,77,58,72,69,77,77,77,77,77,77,77,77,77,73,73,80,87,87,87,87,87,87,87,69,0],"gold":53,"neow_bonus":"UPGRADE_CARD","is_prod":false,"is_daily":false,"chose_seed":false,"campfire_upgraded":9,"win_rate":0,"timestamp":1550174040,"path_taken":["M","?","M","?","?","E","M","M","T","R","$","M","R","M","R","BOSS","M","?","M","?","M","E","R","E","T","M","$","R","E","M","R","BOSS","M","M","$","?","$","E","R","E","T","R","?","?","M","M","R","BOSS","BOSS","R","$","E","BOSS"],"build_version":"2019-02-06","purchased_purges":3,"victory":false,"max_hp_per_floor":[71,71,71,71,71,71,71,71,71,71,71,71,71,71,71,71,71,71,71,71,71,71,71,71,73,73,73,73,73,75,77,77,77,77,77,77,77,77,77,77,77,77,77,77,83,83,85,87,87,87,87,87,87,87,87,87],"card_choices":[{"not_picked":["Sweeping Beam","Rebound"],"picked":"Ball Lightning","floor":1.0},{"not_picked":["Go for the Eyes","Redo"],"picked":"Compile Driver","floor":3.0},{"not_picked":["Go for the Eyes","Cold Snap"],"picked":"Electrodynamics","floor":6.0},{"not_picked":["Steam","Turbo"],"picked":"Chill","floor":7.0},{"not_picked":["Redo","Fusion"],"picked":"Hologram","floor":8.0},{"not_picked":["Redo","Darkness"],"picked":"Self Repair","floor":12.0},{"not_picked":["Stack","Compile Driver","BootSequence"],"picked":"SKIP","floor":14.0},{"not_picked":["All For One","Buffer"],"picked":"Echo Form","floor":16.0},{"not_picked":["Beam Cell","Ball Lightning"],"picked":"Reinforced Body","floor":18.0},{"not_picked":["Go for the Eyes","Redo+1","Heatsinks"],"picked":"SKIP","floor":20},{"not_picked":["Hello World","Turbo","Rebound"],"picked":"SKIP","floor":22},{"not_picked":["Leap","Lockon","Reprogram"],"picked":"SKIP","floor":23},{"not_picked":["Go for the Eyes","Rebound","Hyperbeam"],"picked":"Singing Bowl","floor":25},{"not_picked":["Hologram","Barrage"],"picked":"Conserve Battery","floor":27},{"not_picked":["Storm","Steam Power+1","Melter"],"picked":"Singing Bowl","floor":30},{"not_picked":["Barrage","Chaos","Steam Power"],"picked":"Singing Bowl","floor":31},{"not_picked":["Core Surge","Hyperbeam"],"picked":"Echo Form","floor":33},{"not_picked":["Go for the Eyes+1","Redo"],"picked":"Barrage+1","floor":35},{"not_picked":["Ball Lightning","Beam Cell"],"picked":"Sunder+1","floor":36},{"not_picked":["Reprogram","Rebound"],"picked":"Coolheaded+1","floor":40},{"not_picked":["Chill","FTL"],"picked":"Recycle+1","floor":42},{"not_picked":["Discovery","Swift Strike","The Bomb"],"picked":"Singing Bowl","floor":45},{"not_picked":["Swift Strike","Apotheosis","Sadistic Nature"],"picked":"Singing Bowl","floor":45},{"not_picked":["Flash of Steel","Apotheosis","Secret Weapon"],"picked":"Singing Bowl","floor":45},{"not_picked":["Sweeping Beam+1","Gash+1","Conserve Battery+1"],"picked":"Singing Bowl","floor":47},{"not_picked":["Cold Snap","Scrape","Self Repair"],"picked":"Singing Bowl","floor":48},{"not_picked":["Beam Cell+1","Streamline+1"],"picked":"Hologram","floor":55}],"player_experience":4808016,"relics_obtained":[{"floor":6.0,"key":"Meat on the Bone"},{"floor":9.0,"key":"The Courier"},{"floor":23,"key":"War Paint"},{"floor":25,"key":"Singing Bowl"},{"floor":26,"key":"Cables"},{"floor":30,"key":"Unceasing Top"},{"floor":42,"key":"Vajra"},{"floor":55,"key":"Turnip"}],"event_choices":[{"cards_removed":["Strike_B"],"damage_healed":0.0,"max_hp_gain":0.0,"max_hp_loss":0.0,"gold_gain":0.0,"event_name":"The Cleric","player_choice":"Card Removal","floor":2.0,"gold_loss":75.0,"damage_taken":0.0},{"damage_healed":0.0,"max_hp_gain":0.0,"max_hp_loss":0.0,"gold_gain":0.0,"event_name":"Living Wall","player_choice":"Grow","floor":4.0,"gold_loss":0.0,"damage_taken":0.0,"cards_upgraded":["Ball Lightning"]},{"damage_healed":0.0,"max_hp_gain":0.0,"max_hp_loss":0.0,"gold_gain":0.0,"event_name":"Scrap Ooze","player_choice":"Success","floor":5.0,"gold_loss":0.0,"damage_taken":18.0,"relics_obtained":["Omamori"]},{"damage_healed":0,"gold_gain":0,"player_choice":"Upgraded","damage_taken":0,"max_hp_gain":0,"max_hp_loss":0,"event_name":"Upgrade Shrine","floor":19,"gold_loss":0,"cards_upgraded":["Reinforced Body"]},{"cards_removed":["Defend_B"],"damage_healed":0,"gold_gain":0,"player_choice":"Removed Skill","damage_taken":0,"max_hp_gain":0,"max_hp_loss":0,"event_name":"Falling","floor":38,"gold_loss":0},{"damage_healed":0,"gold_gain":0,"player_choice":"Memory 3","damage_taken":10,"max_hp_gain":0,"max_hp_loss":0,"event_name":"SensoryStone","floor":45,"gold_loss":0},{"cards_removed":["Strike_B"],"damage_healed":0,"gold_gain":0,"player_choice":"Purged","damage_taken":0,"max_hp_gain":0,"max_hp_loss":0,"event_name":"Purifier","floor":46,"gold_loss":0}],"is_beta":true,"boss_relics":[{"not_picked":["White Beast Statue","Nuclear Battery"],"picked":"Snecko Eye"},{"not_picked":["Fusion Hammer","Runic Dome"],"picked":"Inserter"}],"items_purged_floors":[11,28,54],"is_endless":false,"potions_floor_spawned":[6,16,18,25,30,31,35,40,47,55],"killed_by":"The Heart","ascension_level":20}