{"gold_per_floor":[118,136,136,61,61,61,61,61,85,131,143,188,200,225,237,343,355,392,404,34,52,67,67,102,102,102,102,102],"floor_reached":28,"playtime":1112,"items_purged":["Pain"],"score":484,"play_id":"8e15f8de-4197-4dea-a5f9-48ce789f6f7d","local_time":"20190216144158","is_ascension_mode":true,"campfire_choices":[{"data":"Zap","floor":6,"key":"SMITH"},{"data":"Sweeping Beam","floor":8,"key":"SMITH"},{"data":"Loop","floor":13,"key":"SMITH"},{"floor":15,"key":"REST"},{"floor":23,"key":"REST"},{"floor":27,"key":"REST"}],"neow_cost":"NONE","seed_source_timestamp":114215745227935,"circlet_count":0,"master_deck":["AscendersBane","Strike_B","Strike_B","Strike_B","Defend_B","Defend_B+1","Defend_B","Defend_B","Zap+1","Dualcast","Gash","Sweeping Beam+1","Loop+1","Conserve Battery+1","Echo Form","BootSequence","Coolheaded","Ball Lightning","Sunder"],"relics":["Cracked Core","WarpedTongs","Ornamental Fan","MawBank","Strawberry","Golden Idol","Potion Belt","Runic Pyramid","War Paint","Blood Vial","Frozen Egg 2"],"potions_floor_usage":[12,12,18,22,22,24,28],"damage_taken":[{"damage":0,"enemies":"2 Louse","floor":1,"turns":1},{"damage":1,"enemies":"Cultist","floor":2,"turns":4},{"damage":10,"enemies":"3 Sentries","floor":10,"turns":6},{"damage":18,"enemies":"Gremlin Nob","floor":12,"turns":4},{"damage":2,"enemies":"Jaw Worm","floor":14,"turns":3},{"damage":35,"enemies":"Slime Boss","floor":16,"turns":10},{"damage":23,"enemies":"Shell Parasite","floor":18,"turns":5},{"damage":1,"enemies":"Spheric Guardian","floor":21,"turns":6},{"damage":0,"enemies":"3 Cultists","floor":22,"turns":5},{"damage":43,"enemies":"Gremlin Leader","floor":24,"turns":6},{"damage":40,"enemies":"Book of Stabbing","floor":28,"turns":5}],"seed_played":"2037113179822721140","potions_obtained":[{"floor":2,"key":"Weak Potion"},{"floor":10,"key":"LiquidBronze"},{"floor":16,"key":"Ancient Potion"},{"floor":18,"key":"LiquidBronze"}],"is_trial":false,"path_per_floor":["M","M","?","$","T","R","?","R","T","E","?","E","R","M","R","B",null,"M","?","$","M","M","R","E","?","T","R","E"],"character_chosen":"DEFECT","items_purchased":["Fire Potion","Explosive Potion","PowerPotion","Coolheaded","War Paint"],"campfire_rested":3,"item_purchase_floors":[20,20,20,20,20],"current_hp_per_floor":[71,70,70,70,70,70,70,70,70,67,67,49,49,47,70,35,67,44,33,33,32,32,55,12,12,12,35,0],"gold":102,"neow_bonus":"TEN_PERCENT_HP_BONUS","is_prod":false,"is_daily":false,"chose_seed":false,"campfire_upgraded":3,"win_rate":0,"timestamp":1550356918,"path_taken":["M","M","?","$","?","R","?","R","T","E","?","E","R","?","R","BOSS","M","?","?","M","?","R","E","?","T","R","E"],"build_version":"2019-02-06","purchased_purges":1,"victory":false,"max_hp_per_floor":[78,78,78,78,78,78,78,78,78,85,77,77,77,77,77,77,77,77,77,77,77,77,77,77,77,77,77,77],"card_choices":[{"not_picked":["Rebound","Reinforced Body"],"picked":"Gash","floor":1},{"not_picked":["Double Energy","Barrage"],"picked":"Sweeping Beam","floor":2},{"not_picked":["Reinforced Body","Compile Driver"],"picked":"Loop","floor":10},{"not_picked":["Recycle","Streamline","Storm"],"picked":"SKIP","floor":12},{"not_picked":["Barrage","Rebound"],"picked":"Conserve Battery","floor":14},{"not_picked":["Creative AI","Electrodynamics"],"picked":"Echo Form","floor":16},{"not_picked":["Redo","Rebound"],"picked":"BootSequence","floor":18},{"not_picked":["Leap","Cold Snap"],"picked":"Ball Lightning","floor":21},{"not_picked":["Rebound","Leap"],"picked":"Sunder","floor":22},{"not_picked":["Redo","Compile Driver","Rebound"],"picked":"SKIP","floor":24}],"player_experience":4853684,"relics_obtained":[{"floor":5,"key":"Ornamental Fan"},{"floor":9,"key":"MawBank"},{"floor":10,"key":"Strawberry"},{"floor":12,"key":"Potion Belt"},{"floor":24,"key":"Blood Vial"},{"floor":26,"key":"Frozen Egg 2"}],"event_choices":[{"damage_healed":0,"gold_gain":0,"player_choice":"Rummage","damage_taken":0,"relics_obtained":["WarpedTongs"],"max_hp_gain":0,"max_hp_loss":0,"event_name":"Accursed Blacksmith","floor":3,"gold_loss":0,"cards_obtained":["Pain"]},{"cards_removed":["Strike_B"],"damage_healed":0,"gold_gain":0,"player_choice":"Forget","damage_taken":0,"max_hp_gain":0,"max_hp_loss":0,"event_name":"Living Wall","floor":7,"gold_loss":0},{"damage_healed":0,"gold_gain":0,"player_choice":"Lose Max HP","damage_taken":0,"relics_obtained":["Golden Idol"],"max_hp_gain":0,"max_hp_loss":8,"event_name":"Golden Idol","floor":11,"gold_loss":0},{"damage_healed":0,"gold_gain":0,"player_choice":"Damaged","damage_taken":11,"max_hp_gain":0,"max_hp_loss":0,"event_name":"Wheel of Change","floor":19,"gold_loss":0},{"damage_healed":0,"gold_gain":0,"player_choice":"Ignored","damage_taken":0,"max_hp_gain":0,"max_hp_loss":0,"event_name":"Cursed Tome","floor":25,"gold_loss":0}],"is_beta":true,"boss_relics":[{"not_picked":["Tiny House","Inserter"],"picked":"Runic Pyramid"}],"items_purged_floors":[4],"is_endless":false,"potions_floor_spawned":[2,10,16,18,21],"killed_by":"Book of Stabbing","ascension_level":20}