{"gold_per_floor":[113,24,24,24,34,34,65,65,65,97,114,147,147,147,147,245,245,265,265,88,363,63,104,104,140,192,192,215,340,379,400,400,489,489,513,532,601,622,51,92,92,123,147,104,120,133,133,169,169,169,169,169,169,84,125,125],"floor_reached":57,"playtime":17533,"items_purged":["Strike_G","Regret","Strike_G"],"score":3274,"play_id":"8fae301a-5875-49a6-9743-56e72ebc5ba8","local_time":"20190214223127","is_ascension_mode":true,"campfire_choices":[{"data":"Leg Sweep","floor":6,"key":"SMITH"},{"data":"Neutralize","floor":8,"key":"SMITH"},{"data":"Deadly Poison","floor":13,"key":"SMITH"},{"data":"Die Die Die","floor":15,"key":"SMITH"},{"floor":24,"key":"REST"},{"floor":27,"key":"REST"},{"data":"Footwork","floor":32,"key":"SMITH"},{"floor":41,"key":"RECALL"},{"data":"Footwork","floor":49,"key":"SMITH"},{"floor":53,"key":"REST"}],"neow_cost":"NONE","seed_source_timestamp":27233878874912,"circlet_count":0,"master_deck":["AscendersBane","Defend_G","Defend_G","Defend_G","Defend_G","Defend_G","Strike_G","Strike_G","Strike_G","Survivor+1","Neutralize+1","Noxious Fumes+1","Leg Sweep+1","Blur+1","Die Die Die+1","Well Laid Plans","Deadly Poison+1","Doppelganger","Backflip","RitualDagger","Footwork+1","Backflip","Escape Plan","Footwork+1","Backflip","Noxious Fumes","Deadly Poison","PiercingWail","Well Laid Plans","Escape Plan","Corpse Explosion","Noxious Fumes"],"relics":["Ring of the Snake","NeowsBlessing","War Paint","Mango","Bottled Lightning","Sundial","Golden Idol","Busted Crown","PreservedInsect","Omamori","Ninja Scroll","Gambling Chip","Letter Opener","Black Star","Unceasing Top","Potion Belt","Pen Nib","Bottled Tornado","Snake Skull","Paper Crane","Strawberry","Kunai","Juzu Bracelet","Gremlin Horn","Pantograph"],"potions_floor_usage":[12,16,23,25,29,35,37,56,56,56,56],"damage_taken":[{"damage":0,"enemies":"Jaw Worm","floor":1,"turns":1},{"damage":0,"enemies":"Cultist","floor":5,"turns":1},{"damage":0,"enemies":"3 Sentries","floor":7,"turns":1},{"damage":12,"enemies":"Lagavulin","floor":10,"turns":10},{"damage":2,"enemies":"2 Louse","floor":11,"turns":3},{"damage":0,"enemies":"3 Sentries","floor":12,"turns":8},{"damage":14,"enemies":"Slime Boss","floor":16,"turns":12},{"damage":18,"enemies":"Chosen","floor":18,"turns":5},{"damage":10,"enemies":"Gremlin Leader","floor":23,"turns":7},{"damage":19,"enemies":"Slavers","floor":25,"turns":6},{"damage":0,"enemies":"Spheric Guardian","floor":28,"turns":1},{"damage":1,"enemies":"Colosseum Slavers","floor":29,"turns":6},{"damage":0,"enemies":"Colosseum Nobs","floor":29,"turns":3},{"damage":0,"enemies":"Gremlin Leader","floor":30,"turns":4},{"damage":0,"enemies":"Centurion and Healer","floor":31,"turns":7},{"damage":5,"enemies":"Automaton","floor":33,"turns":12},{"damage":0,"enemies":"Orb Walker","floor":35,"turns":4},{"damage":2,"enemies":"3 Shapes","floor":36,"turns":6},{"damage":11,"enemies":"2 Orb Walkers","floor":37,"turns":6},{"damage":2,"enemies":"Spire Growth","floor":38,"turns":7},{"damage":0,"enemies":"Giant Head","floor":40,"turns":10},{"damage":5,"enemies":"Reptomancer","floor":42,"turns":7},{"damage":0,"enemies":"Transient","floor":45,"turns":6},{"damage":14,"enemies":"Writhing Mass","floor":46,"turns":8},{"damage":0,"enemies":"Giant Head","floor":48,"turns":8},{"damage":11,"enemies":"Awakened One","floor":50,"turns":20},{"damage":31,"enemies":"Time Eater","floor":51,"turns":16},{"damage":0,"enemies":"Shield and Spear","floor":55,"turns":6},{"damage":0,"enemies":"The Heart","floor":56,"turns":13}],"seed_played":"860251531470216583","potions_obtained":[{"floor":5,"key":"PowerPotion"},{"floor":7,"key":"FearPotion"},{"floor":18,"key":"GhostInAJar"},{"floor":23,"key":"FearPotion"},{"floor":28,"key":"PowerPotion"},{"floor":30,"key":"EssenceOfSteel"},{"floor":35,"key":"FearPotion"},{"floor":38,"key":"SkillPotion"},{"floor":46,"key":"SpeedPotion"}],"is_trial":false,"path_per_floor":["M","$","?","$","M","R","E","R","T","E","M","E","R","?","R","B",null,"M","?","$","?","$","E","R","E","T","R","M","?","E","M","R","B",null,"M","M","?","M","$","E","R","E","T","$","M","M","?","E","R","B","B",null,"R","$","E","B",null],"character_chosen":"THE_SILENT","items_purchased":["Noxious Fumes","Footwork","Poison Potion","PreservedInsect","Backflip","Potion Belt","Ancient Potion","SpeedPotion","PiercingWail","Well Laid Plans","Escape Plan","Noxious Fumes"],"campfire_rested":3,"item_purchase_floors":[2,20,20,22,22,39,39,39,39,39,44,54],"current_hp_per_floor":[59,59,59,59,59,59,59,59,73,61,59,59,59,31,31,17,64,46,40,40,40,40,30,54,35,35,59,59,58,58,58,58,53,73,73,71,60,58,58,58,58,53,60,60,60,46,63,63,63,52,21,71,87,87,87,87],"gold":125,"neow_bonus":"THREE_ENEMY_KILL","is_prod":false,"is_daily":false,"chose_seed":false,"campfire_upgraded":6,"win_rate":0,"timestamp":1550212287,"path_taken":["M","$","?","$","?","R","E","R","T","E","M","E","R","?","R","BOSS","M","?","$","?","$","E","R","E","T","R","?","?","E","M","R","BOSS","M","M","?","M","$","E","R","E","T","?","M","?","?","E","R","BOSS","BOSS","R","$","E","BOSS"],"build_version":"2019-02-06","purchased_purges":3,"victory":true,"max_hp_per_floor":[66,66,66,66,66,66,66,66,80,80,80,80,80,80,80,80,80,80,80,80,80,80,80,80,80,80,80,80,80,80,80,80,80,80,80,80,80,80,80,80,80,80,87,87,87,87,87,87,87,87,87,87,87,87,87,87],"card_choices":[{"not_picked":["Slice","Catalyst","Outmaneuver"],"picked":"SKIP","floor":1},{"not_picked":["Dagger Spray","Backflip"],"picked":"Leg Sweep","floor":5},{"not_picked":["Backflip","Bane"],"picked":"Blur","floor":7},{"not_picked":["Eviscerate","Finisher"],"picked":"Die Die Die","floor":10},{"not_picked":["Heel Hook","Flechettes"],"picked":"Well Laid Plans","floor":11},{"not_picked":["Bouncing Flask","Acrobatics"],"picked":"Deadly Poison","floor":12},{"not_picked":["Envenom","Bullet Time"],"picked":"Doppelganger","floor":16},{"not_picked":[],"picked":"Backflip","floor":18},{"not_picked":["Choke"],"picked":"SKIP","floor":23},{"not_picked":[],"picked":"Escape Plan","floor":25},{"not_picked":[],"picked":"Footwork","floor":28},{"not_picked":["Setup"],"picked":"SKIP","floor":30},{"not_picked":[],"picked":"Backflip","floor":31},{"not_picked":[],"picked":"Noxious Fumes","floor":35},{"not_picked":["Bane"],"picked":"SKIP","floor":36},{"not_picked":[],"picked":"Deadly Poison","floor":37},{"not_picked":["Underhanded Strike"],"picked":"SKIP","floor":38},{"not_picked":["Heel Hook"],"picked":"SKIP","floor":40},{"not_picked":["Heel Hook"],"picked":"SKIP","floor":40},{"not_picked":["Bane"],"picked":"SKIP","floor":42},{"not_picked":["Flying Knee"],"picked":"SKIP","floor":45},{"not_picked":["Envenom"],"picked":"SKIP","floor":46},{"not_picked":[],"picked":"Corpse Explosion","floor":48},{"not_picked":["Flechettes"],"picked":"SKIP","floor":55}],"player_experience":4820339,"relics_obtained":[{"floor":7,"key":"War Paint"},{"floor":9,"key":"Mango"},{"floor":10,"key":"Bottled Lightning"},{"floor":12,"key":"Sundial"},{"floor":23,"key":"Omamori"},{"floor":25,"key":"Ninja Scroll"},{"floor":29,"key":"Gambling Chip"},{"floor":30,"key":"Letter Opener"},{"floor":37,"key":"Unceasing Top"},{"floor":40,"key":"Pen Nib"},{"floor":40,"key":"Bottled Tornado"},{"floor":42,"key":"Snake Skull"},{"floor":42,"key":"Paper Crane"},{"floor":43,"key":"Strawberry"},{"floor":48,"key":"Kunai"},{"floor":48,"key":"Juzu Bracelet"},{"floor":55,"key":"Gremlin Horn"},{"floor":55,"key":"Pantograph"}],"event_choices":[{"damage_healed":0,"gold_gain":0,"player_choice":"Forge","damage_taken":0,"max_hp_gain":0,"max_hp_loss":0,"event_name":"Accursed Blacksmith","floor":3,"gold_loss":0,"cards_upgraded":["Noxious Fumes"]},{"damage_healed":0,"gold_gain":0,"player_choice":"Take Damage","damage_taken":28,"relics_obtained":["Golden Idol"],"max_hp_gain":0,"max_hp_loss":0,"event_name":"Golden Idol","floor":14,"gold_loss":0},{"damage_healed":0,"gold_gain":0,"player_choice":"Joined the Cult","damage_taken":6,"max_hp_gain":0,"max_hp_loss":0,"event_name":"Nest","floor":19,"gold_loss":0,"cards_obtained":["RitualDagger"]},{"damage_healed":0,"gold_gain":275,"player_choice":"Desecrate","damage_taken":0,"max_hp_gain":0,"max_hp_loss":0,"event_name":"Golden Shrine","floor":21,"gold_loss":0,"cards_obtained":["Regret"]},{"damage_healed":0,"gold_gain":0,"player_choice":"Fight","damage_taken":0,"max_hp_gain":0,"max_hp_loss":0,"event_name":"Colosseum","floor":29,"gold_loss":0},{"damage_healed":0,"gold_gain":0,"player_choice":"Fought Nobs","damage_taken":0,"max_hp_gain":0,"max_hp_loss":0,"event_name":"Colosseum","floor":29,"gold_loss":0},{"damage_healed":0,"gold_gain":0,"player_choice":"Fight","damage_taken":0,"max_hp_gain":0,"max_hp_loss":0,"event_name":"Mysterious Sphere","floor":37,"gold_loss":0},{"damage_healed":17,"gold_gain":0,"player_choice":"Writhe","damage_taken":0,"max_hp_gain":0,"max_hp_loss":0,"event_name":"Winding Halls","floor":47,"gold_loss":0,"cards_obtained":["Writhe"]}],"is_beta":true,"boss_relics":[{"not_picked":["Eternal Feather","Runic Dome"],"picked":"Busted Crown"},{"not_picked":["Lizard Tail","White Beast Statue"],"picked":"Black Star"}],"items_purged_floors":[20,22,39],"is_endless":false,"potions_floor_spawned":[5,7,11,18,23,28,30,35,36,38,42,46],"ascension_level":20}