{"gold_per_floor":[114,114,125,145,145,145,175,14,14,30,30,62,62,78,78,78],"floor_reached":16,"playtime":869,"items_purged":[],"score":220,"play_id":"6c8e5ceb-afc8-4b67-acfc-26a02a2e3998","local_time":"20190213172502","is_ascension_mode":true,"campfire_choices":[{"data":"Bash","floor":6,"key":"SMITH"},{"data":"Inflame","floor":11,"key":"SMITH"},{"data":"Spot Weakness","floor":13,"key":"SMITH"},{"data":"Anger","floor":15,"key":"SMITH"}],"neow_cost":"NONE","seed_source_timestamp":263656008414767,"circlet_count":0,"master_deck":["AscendersBane","Strike_R","Strike_R","Strike_R","Strike_R","Defend_R","Defend_R","Defend_R","Defend_R","Bash+1","Spot Weakness+1","Inflame+1","Headbutt","Anger+1","Shrug It Off","Offering"],"relics":["Burning Blood","NeowsBlessing","Incense Burner","Lantern","Gremlin Horn","Question Card"],"potions_floor_usage":[7,16,16],"damage_taken":[{"damage":0,"enemies":"Jaw Worm","floor":1,"turns":1},{"damage":0,"enemies":"Small Slimes","floor":3,"turns":1},{"damage":0,"enemies":"Cultist","floor":4,"turns":1},{"damage":26,"enemies":"Gremlin Nob","floor":7,"turns":4},{"damage":11,"enemies":"Looter","floor":10,"turns":4},{"damage":30,"enemies":"Lagavulin","floor":12,"turns":6},{"damage":1,"enemies":"Exordium Wildlife","floor":14,"turns":4},{"damage":31,"enemies":"The Guardian","floor":16,"turns":6}],"seed_played":"5390330859844269217","potions_obtained":[{"floor":1,"key":"Ancient Potion"},{"floor":3,"key":"SmokeBomb"},{"floor":7,"key":"Dexterity Potion"},{"floor":12,"key":"PowerPotion"}],"is_trial":false,"path_per_floor":["M","?","M","M","?","R","E","$","T","M","R","E","R","M","R","B"],"character_chosen":"IRONCLAD","items_purchased":["Lantern"],"campfire_rested":0,"item_purchase_floors":[8],"current_hp_per_floor":[74,74,75,75,75,75,55,55,55,50,50,26,26,31,31,0],"gold":78,"neow_bonus":"THREE_ENEMY_KILL","is_prod":false,"is_daily":false,"chose_seed":false,"campfire_upgraded":4,"win_rate":0,"timestamp":1550107502,"path_taken":["M","?","M","M","?","R","E","$","T","?","R","E","R","M","R","BOSS"],"build_version":"2019-02-06","purchased_purges":0,"victory":false,"max_hp_per_floor":[75,75,75,75,75,75,75,75,75,75,75,75,75,75,75,75],"card_choices":[{"not_picked":["Perfected Strike","Flex"],"picked":"Spot Weakness","floor":1},{"not_picked":["Rampage","Clash"],"picked":"Inflame","floor":3},{"not_picked":["Entrench","Cleave","Flex"],"picked":"SKIP","floor":4},{"not_picked":["Entrench","Cleave","Flex"],"picked":"SKIP","floor":4},{"not_picked":["Ghostly Armor","Rage"],"picked":"Headbutt","floor":7},{"not_picked":["Cleave","Havoc"],"picked":"Anger","floor":10},{"not_picked":["Reckless Charge","Headbutt"],"picked":"Shrug It Off","floor":12},{"not_picked":["Clash","Rampage","Shrug It Off"],"picked":"Offering","floor":14}],"player_experience":4806176,"relics_obtained":[{"floor":7,"key":"Incense Burner"},{"floor":9,"key":"Gremlin Horn"},{"floor":12,"key":"Question Card"}],"event_choices":[{"damage_healed":0,"gold_gain":0,"player_choice":"Ignored","damage_taken":0,"max_hp_gain":0,"max_hp_loss":0,"event_name":"Liars Game","floor":2,"gold_loss":0},{"cards_removed":["Strike_R"],"damage_healed":0,"gold_gain":0,"player_choice":"Offered Basic","damage_taken":0,"max_hp_gain":0,"max_hp_loss":0,"event_name":"Bonfire Elementals","floor":5,"gold_loss":0}],"is_beta":true,"boss_relics":[],"items_purged_floors":[],"is_endless":false,"potions_floor_spawned":[1,3,7,12,14],"killed_by":"The Guardian","ascension_level":20}