{"gold_per_floor":[119,44,44,44,61,61,88,88,137,154,169,198,198,8,8,83,83,93,93,93,110,125,151,201,201,201,231,231,50,70,84,84,157,157,167,167,57,74,15,15,32,60,84,84,104,48,81,81,81,81,81,81,81,81,107,107],"floor_reached":57,"playtime":4134,"items_purged":["Strike_R","Strike_R","Strike_R"],"score":3012,"play_id":"23ab42b3-a79c-4460-b74d-cdb0ae0e60bd","local_time":"20190216113400","is_ascension_mode":true,"campfire_choices":[{"data":"Carnage","floor":6.0,"key":"SMITH"},{"data":"True Grit","floor":8.0,"key":"SMITH"},{"data":"True Grit","floor":13.0,"key":"SMITH"},{"data":"Battle Trance","floor":15.0,"key":"SMITH"},{"data":"Feel No Pain","floor":25,"key":"SMITH"},{"data":"Corruption","floor":28,"key":"SMITH"},{"data":"Feed","floor":32,"key":"SMITH"},{"data":"Juggernaut","floor":40,"key":"SMITH"},{"data":"1","floor":44,"key":"LIFT"},{"floor":49,"key":"RECALL"},{"data":"2","floor":53,"key":"LIFT"}],"neow_cost":"NONE","seed_source_timestamp":0,"circlet_count":0,"master_deck":["AscendersBane","Defend_R","Defend_R+1","Defend_R","Defend_R","Carnage+1","Infernal Blade","True Grit+1","Evolve","Battle Trance+1","True Grit+1","Reaper","Corruption+1","Feed+1","Shockwave","Corruption","Corruption","Warcry","Feel No Pain+1","Shockwave","Pommel Strike+1","Juggernaut+1","Clothesline+1","Dark Embrace","Havoc","Shrug It Off","Disarm+1","Spot Weakness","Shrug It Off","Disarm","Metallicize+1"],"special_seed":0,"relics":["Burning Blood","Prayer Wheel","Strawberry","Dead Branch","Philosopher\u0027s Stone","Boot","Meat on the Bone","Empty Cage","Girya","Lantern","Bronze Scales","Bag of Preparation"],"potions_floor_usage":[56,56],"damage_taken":[{"damage":4.0,"enemies":"2 Louse","floor":1.0,"turns":4.0},{"damage":2.0,"enemies":"Jaw Worm","floor":5.0,"turns":4.0},{"damage":22.0,"enemies":"Gremlin Nob","floor":7.0,"turns":4.0},{"damage":0.0,"enemies":"Cultist","floor":10.0,"turns":2.0},{"damage":10.0,"enemies":"Exordium Wildlife","floor":11.0,"turns":3.0},{"damage":11.0,"enemies":"3 Sentries","floor":12.0,"turns":5.0},{"damage":24.0,"enemies":"Slime Boss","floor":16.0,"turns":8.0},{"damage":3.0,"enemies":"3 Byrds","floor":18.0,"turns":4.0},{"damage":0.0,"enemies":"2 Thieves","floor":21.0,"turns":3.0},{"damage":18.0,"enemies":"Snake Plant","floor":22.0,"turns":5.0},{"damage":1.0,"enemies":"Slavers","floor":23.0,"turns":6.0},{"damage":20,"enemies":"Gremlin Leader","floor":27,"turns":4},{"damage":6,"enemies":"Cultist and Chosen","floor":30,"turns":2},{"damage":0,"enemies":"Snecko","floor":31,"turns":4},{"damage":3,"enemies":"Collector","floor":33,"turns":4},{"damage":0,"enemies":"3 Shapes","floor":35,"turns":4},{"damage":24,"enemies":"3 Darklings","floor":38,"turns":5},{"damage":6,"enemies":"Spire Growth","floor":41,"turns":4},{"damage":0,"enemies":"Reptomancer","floor":42,"turns":2},{"damage":0,"enemies":"Writhing Mass","floor":45,"turns":4},{"damage":3,"enemies":"Giant Head","floor":47,"turns":6},{"damage":43,"enemies":"Awakened One","floor":50,"turns":6},{"damage":21,"enemies":"Time Eater","floor":51,"turns":8},{"damage":2,"enemies":"Shield and Spear","floor":55,"turns":3},{"damage":57,"enemies":"The Heart","floor":56,"turns":8}],"seed_played":"-3627374644835234406","potions_obtained":[{"floor":0.0,"key":"SpeedPotion"},{"floor":0.0,"key":"SneckoOil"},{"floor":5.0,"key":"Weak Potion"},{"floor":12.0,"key":"SkillPotion"},{"floor":16.0,"key":"Dexterity Potion"},{"floor":21.0,"key":"EssenceOfSteel"},{"floor":30,"key":"Weak Potion"}],"is_trial":false,"path_per_floor":["M","$","?","?","M","R","E","R","T","M","M","E","R","$","R","B",null,"M","?","?","M","M","E","?","R","T","E","R","$","M","M","R","B",null,"M","?","?","M","$","R","M","E","T","R","M","$","E","?","R","B","B",null,"R","$","E","B",null],"character_chosen":"IRONCLAD","items_purchased":["Corruption","Dexterity Potion","Shrug It Off","Shrug It Off"],"campfire_rested":0,"item_purchase_floors":[14,29,39,46],"current_hp_per_floor":[70,70,47,47,51,51,35,35,42,48,44,39,39,39,39,25,68,82,57,57,66,58,74,65,65,65,59,59,59,62,77,77,98,103,109,104,104,90,90,90,96,112,112,112,116,116,120,110,110,77,74,112,112,112,120,87],"gold":107,"neow_bonus":"THREE_SMALL_POTIONS","is_prod":false,"is_daily":false,"chose_seed":false,"campfire_upgraded":8,"win_rate":0,"timestamp":1550345640,"path_taken":["M","$","?","?","M","R","E","R","T","M","M","E","R","$","R","BOSS","M","?","?","?","M","E","?","R","T","E","R","$","M","M","R","BOSS","M","?","?","?","?","R","M","E","T","R","M","?","E","?","R","BOSS","BOSS","R","$","E","BOSS"],"build_version":"2019-02-06","purchased_purges":3,"victory":true,"max_hp_per_floor":[75,75,75,75,75,75,75,75,82,82,82,82,82,82,82,82,82,85,90,90,93,93,96,96,96,96,99,99,99,102,105,105,105,105,109,104,104,108,108,108,108,112,112,112,116,116,120,120,120,124,124,124,124,124,128,128],"card_choices":[{"not_picked":["Anger","Iron Wave"],"picked":"Carnage","floor":1.0},{"not_picked":["Wild Strike","Cleave"],"picked":"Infernal Blade","floor":5.0},{"not_picked":["Double Tap","Pommel Strike"],"picked":"True Grit","floor":7.0},{"not_picked":["Seeing Red","Twin Strike"],"picked":"Evolve","floor":10.0},{"not_picked":["Bloodletting","Entrench","Pommel Strike"],"picked":"SKIP","floor":10.0},{"not_picked":["Sword Boomerang","Evolve"],"picked":"Battle Trance","floor":11.0},{"not_picked":["Havoc","Iron Wave"],"picked":"True Grit","floor":11.0},{"not_picked":["Flex","Havoc"],"picked":"Reaper","floor":12.0},{"not_picked":["Bludgeon","Impervious"],"picked":"Feed","floor":16.0},{"not_picked":["Blood for Blood","Flex"],"picked":"Shockwave","floor":18.0},{"not_picked":["True Grit","Wild Strike","Clash"],"picked":"SKIP","floor":18.0},{"not_picked":["Perfected Strike","Sword Boomerang+1"],"picked":"Corruption","floor":21.0},{"not_picked":["Anger","Clash+1"],"picked":"Warcry","floor":21.0},{"not_picked":["Clothesline","True Grit"],"picked":"Feel No Pain","floor":22.0},{"not_picked":["Inflame","Second Wind","Carnage"],"picked":"SKIP","floor":22.0},{"not_picked":["Seeing Red","Infernal Blade","Sword Boomerang"],"picked":"SKIP","floor":23.0},{"not_picked":["Fire Breathing","Twin Strike+1","Heavy Blade"],"picked":"SKIP","floor":27},{"not_picked":["Headbutt","Shockwave","Armaments"],"picked":"SKIP","floor":30},{"not_picked":["Bludgeon","Clothesline","Second Wind"],"picked":"SKIP","floor":30},{"not_picked":["Headbutt","Armaments"],"picked":"Shockwave","floor":30},{"not_picked":["Bludgeon","Clothesline","Second Wind"],"picked":"SKIP","floor":30},{"not_picked":["Thunderclap","Hemokinesis"],"picked":"Pommel Strike+1","floor":31},{"not_picked":["Clothesline","Clash","Entrench+1"],"picked":"SKIP","floor":31},{"not_picked":["Feed","Dark Embrace"],"picked":"Juggernaut","floor":33},{"not_picked":["Dual Wield","Clash+1"],"picked":"Clothesline+1","floor":35},{"not_picked":["Wild Strike","Twin Strike","Thunderclap"],"picked":"SKIP","floor":35},{"not_picked":["Dual Wield","Heavy Blade"],"picked":"Dark Embrace","floor":38},{"not_picked":["Clothesline","Headbutt"],"picked":"Havoc","floor":38},{"not_picked":["Anger","Heavy Blade"],"picked":"Disarm+1","floor":41},{"not_picked":["Feed","Corruption+1","Twin Strike+1"],"picked":"SKIP","floor":41},{"not_picked":["Whirlwind+1","Uppercut","Intimidate"],"picked":"SKIP","floor":42},{"not_picked":["Twin Strike+1","True Grit"],"picked":"Spot Weakness","floor":45},{"not_picked":["Cleave","Headbutt","Berserk"],"picked":"SKIP","floor":45},{"not_picked":["Body Slam+1","Rupture"],"picked":"Disarm","floor":47},{"not_picked":["Fire Breathing+1","Clash"],"picked":"Metallicize+1","floor":55}],"player_experience":4839749,"relics_obtained":[{"floor":7.0,"key":"Prayer Wheel"},{"floor":9.0,"key":"Strawberry"},{"floor":12.0,"key":"Dead Branch"},{"floor":23.0,"key":"Boot"},{"floor":27,"key":"Meat on the Bone"},{"floor":42,"key":"Girya"},{"floor":43,"key":"Lantern"},{"floor":47,"key":"Bronze Scales"},{"floor":55,"key":"Bag of Preparation"}],"event_choices":[{"damage_healed":0.0,"max_hp_gain":0.0,"max_hp_loss":0.0,"gold_gain":0.0,"event_name":"Shining Light","player_choice":"Entered Light","floor":3.0,"gold_loss":0.0,"damage_taken":23.0,"cards_upgraded":["Strike_R","Strike_R"]},{"damage_healed":0.0,"max_hp_gain":0.0,"max_hp_loss":0.0,"gold_gain":0.0,"event_name":"Living Wall","player_choice":"Grow","floor":4.0,"gold_loss":0.0,"damage_taken":0.0,"cards_upgraded":["Bash"]},{"damage_healed":0.0,"max_hp_gain":5.0,"max_hp_loss":0.0,"gold_gain":0.0,"event_name":"Forgotten Altar","player_choice":"Shed Blood","floor":19.0,"gold_loss":0.0,"damage_taken":30.0},{"damage_healed":0.0,"max_hp_gain":0.0,"max_hp_loss":0.0,"gold_gain":0.0,"event_name":"Duplicator","player_choice":"Copied","floor":20.0,"gold_loss":0.0,"damage_taken":0.0,"cards_obtained":["Corruption"]},{"damage_healed":0,"gold_gain":50,"player_choice":"Touch","damage_taken":9,"max_hp_gain":0,"max_hp_loss":0,"event_name":"FaceTrader","floor":24,"gold_loss":0},{"damage_healed":0,"gold_gain":0,"player_choice":"Max HP","damage_taken":0,"max_hp_gain":0,"max_hp_loss":5,"event_name":"Winding Halls","floor":36,"gold_loss":0},{"cards_removed":["Bash"],"damage_healed":0,"gold_gain":0,"player_choice":"Upgrade and Remove","damage_taken":0,"max_hp_gain":0,"max_hp_loss":0,"event_name":"Designer","floor":37,"gold_loss":110,"cards_upgraded":["Defend_R"]},{"damage_healed":0,"gold_gain":0,"player_choice":"Memory 3","damage_taken":10,"max_hp_gain":0,"max_hp_loss":0,"event_name":"SensoryStone","floor":48,"gold_loss":0}],"is_beta":true,"boss_relics":[{"not_picked":["Velvet Choker","Black Blood"],"picked":"Philosopher\u0027s Stone"},{"not_picked":["Tiny House","Busted Crown"],"picked":"Empty Cage"}],"items_purged_floors":[2,14,29],"is_endless":false,"potions_floor_spawned":[5,12,16,21,30,33,41,45,55],"ascension_level":20}