{"gold_per_floor":[119,119,269,287,40,40,101,101,101,101,115,130,164,185,185,278,278,296,309,309,32,57,57,92,92,115,129,129,168,187,187],"floor_reached":31,"playtime":2205,"items_purged":["Doubt","Strike_B"],"score":570,"play_id":"f03145a9-5280-49d2-9a1f-9837a6096478","local_time":"20190212155234","is_ascension_mode":true,"campfire_choices":[{"data":"Lockon","floor":6,"key":"SMITH"},{"floor":10,"key":"REST"},{"data":"Leap","floor":15,"key":"SMITH"},{"floor":23,"key":"RECALL"},{"floor":25,"key":"REST"},{"floor":28,"key":"REST"}],"neow_cost":"NONE","seed_source_timestamp":170371037727708,"circlet_count":0,"master_deck":["AscendersBane","Strike_B","Strike_B","Strike_B","Defend_B","Defend_B","Defend_B","Defend_B","Zap+1","Dualcast","Leap+1","Lockon+1","Ball Lightning","Creative AI+1","Amplify","Conserve Battery","Go for the Eyes+1","Storm+1","Dark Shackles","Sweeping Beam","Static Discharge+1"],"relics":["Cracked Core","PreservedInsect","Centennial Puzzle","Tiny Chest","Golden Idol","Frozen Egg 2","Strawberry","Fusion Hammer","Incense Burner","The Courier"],"potions_floor_usage":[13,16,18,22,24],"damage_taken":[{"damage":7,"enemies":"Small Slimes","floor":1,"turns":4},{"damage":7,"enemies":"Jaw Worm","floor":4,"turns":4},{"damage":7,"enemies":"3 Sentries","floor":7,"turns":6},{"damage":0,"enemies":"Cultist","floor":11,"turns":2},{"damage":4,"enemies":"Exordium Wildlife","floor":12,"turns":3},{"damage":1,"enemies":"Gremlin Nob","floor":13,"turns":3},{"damage":6,"enemies":"Blue Slaver","floor":14,"turns":2},{"damage":24,"enemies":"Hexaghost","floor":16,"turns":6},{"damage":2,"enemies":"3 Byrds","floor":18,"turns":3},{"damage":14,"enemies":"Shell Parasite","floor":19,"turns":6},{"damage":19,"enemies":"Snake Plant","floor":22,"turns":4},{"damage":48,"enemies":"Slavers","floor":24,"turns":5},{"damage":5,"enemies":"Centurion and Healer","floor":27,"turns":5},{"damage":40,"enemies":"Gremlin Leader","floor":29,"turns":5},{"damage":10,"enemies":"Snecko","floor":30,"turns":5},{"damage":8,"enemies":"Slavers","floor":31,"turns":1}],"seed_played":"1799622924417698768","potions_obtained":[{"floor":7,"key":"FearPotion"},{"floor":11,"key":"SneckoOil"},{"floor":12,"key":"FocusPotion"},{"floor":13,"key":"SteroidPotion"},{"floor":18,"key":"Poison Potion"},{"floor":19,"key":"LiquidBronze"}],"is_trial":false,"path_per_floor":["M","?","?","M","$","R","E","?","T","R","M","M","E","M","R","B",null,"M","M","?","$","M","R","E","R","T","M","R","E","M","E"],"character_chosen":"DEFECT","items_purchased":["Centennial Puzzle","Storm+1","Dark Shackles"],"campfire_rested":3,"item_purchase_floors":[5,21,21],"current_hp_per_floor":[57,57,57,50,50,50,43,43,43,62,62,58,64,58,58,34,62,60,46,81,81,62,62,14,38,38,33,57,17,7,0],"gold":187,"neow_bonus":"RANDOM_COMMON_RELIC","is_prod":false,"is_daily":false,"chose_seed":false,"campfire_upgraded":2,"win_rate":0,"timestamp":1550015554,"path_taken":["M","?","?","M","$","R","E","?","T","R","M","M","E","M","R","BOSS","M","M","?","$","M","R","E","R","T","M","R","E","M","E"],"build_version":"2019-02-06","purchased_purges":2,"victory":false,"max_hp_per_floor":[71,71,71,71,71,71,71,64,64,64,64,64,71,71,71,71,71,71,71,81,81,81,81,81,81,81,81,81,81,81,81],"card_choices":[{"not_picked":["Rebound","Redo"],"picked":"Leap","floor":1},{"not_picked":["Redo","Steam"],"picked":"Lockon","floor":4},{"not_picked":["Aggregate","Double Energy"],"picked":"Rainbow","floor":7},{"not_picked":["Rebound","Recycle","Redo"],"picked":"SKIP","floor":11},{"not_picked":["Sweeping Beam","Redo"],"picked":"Ball Lightning","floor":12},{"not_picked":["Reinforced Body","Rebound","Steam"],"picked":"SKIP","floor":13},{"not_picked":["Reinforced Body","Rebound","Steam"],"picked":"SKIP","floor":13},{"not_picked":["Hologram","Leap"],"picked":"Creative AI+1","floor":14},{"not_picked":["Creative AI+1","Machine Learning+1"],"picked":"Amplify","floor":16},{"not_picked":["Leap","Sweeping Beam"],"picked":"Conserve Battery","floor":18},{"not_picked":["Steam","Fusion"],"picked":"Go for the Eyes+1","floor":19},{"not_picked":["Go for the Eyes","Leap","Rebound"],"picked":"SKIP","floor":22},{"not_picked":["Chaos","Skim","Streamline"],"picked":"SKIP","floor":24},{"not_picked":["Double Energy","Beam Cell"],"picked":"Sweeping Beam","floor":27},{"not_picked":["Machine Learning+1","Hello World+1"],"picked":"Static Discharge+1","floor":29},{"not_picked":["Conserve Battery","Sunder","Rebound+1"],"picked":"SKIP","floor":30}],"player_experience":4783118,"relics_obtained":[{"floor":7,"key":"Tiny Chest"},{"floor":9,"key":"Frozen Egg 2"},{"floor":13,"key":"Strawberry"},{"floor":24,"key":"Incense Burner"},{"floor":29,"key":"The Courier"}],"event_choices":[{"damage_healed":0,"gold_gain":0,"player_choice":"Grow","damage_taken":0,"max_hp_gain":0,"max_hp_loss":0,"event_name":"Living Wall","floor":2,"gold_loss":0,"cards_upgraded":["Zap"]},{"damage_healed":0,"gold_gain":150,"player_choice":"AGREE","damage_taken":0,"max_hp_gain":0,"max_hp_loss":0,"event_name":"Liars Game","floor":3,"gold_loss":0,"cards_obtained":["Doubt"]},{"damage_healed":0,"gold_gain":0,"player_choice":"Lose Max HP","damage_taken":0,"relics_obtained":["Golden Idol"],"max_hp_gain":0,"max_hp_loss":7,"event_name":"Golden Idol","floor":8,"gold_loss":0},{"cards_removed":["Rainbow"],"damage_healed":25,"gold_gain":0,"player_choice":"Offered Rare","damage_taken":0,"max_hp_gain":10,"max_hp_loss":0,"event_name":"Bonfire Elementals","floor":20,"gold_loss":0}],"is_beta":true,"boss_relics":[{"not_picked":["Busted Crown","Astrolabe"],"picked":"Fusion Hammer"}],"items_purged_floors":[5,21],"is_endless":false,"potions_floor_spawned":[7,11,12,13,18,19],"killed_by":"Slavers","ascension_level":20}