{"gold_per_floor":[110,34,48,48,64,64,99,99,124,124,155,155,168,187,187,265,265,285,42,42,69,13,13,45,45,45,57,80,104,146,174,186,269,281,303,275,298,322,334,374,399,444,479,491,520,566,578,160,160,160,160,160,160,35,66,66],"floor_reached":57,"playtime":5103,"items_purged":["Strike_R","Strike_R+1","Anger"],"score":2801,"play_id":"0b9f66d6-3d01-451b-b4f7-aeda0cea2030","local_time":"20190220172209","is_ascension_mode":true,"campfire_choices":[{"data":"Bash","floor":6,"key":"SMITH"},{"data":"Inflame","floor":8,"key":"SMITH"},{"data":"Disarm","floor":10,"key":"SMITH"},{"floor":12,"key":"REST"},{"data":"Carnage","floor":15,"key":"SMITH"},{"data":"Inflame","floor":23,"key":"SMITH"},{"data":"Metallicize","floor":25,"key":"SMITH"},{"data":"Feed","floor":27,"key":"SMITH"},{"data":"Clothesline","floor":32,"key":"SMITH"},{"floor":47,"key":"RECALL"},{"data":"Sword Boomerang","floor":49,"key":"SMITH"},{"data":"Offering","floor":53,"key":"SMITH"}],"neow_cost":"NONE","seed_source_timestamp":465379265987195,"circlet_count":0,"master_deck":["AscendersBane","Defend_R+1","Defend_R+1","Defend_R+1","Defend_R+1","Bash+1","Inflame+1","Disarm+1","Clothesline+1","Metallicize+1","Shrug It Off","Exhume","Inflame+1","Carnage+1","Feed+1","Reaper","Exhume+1","Offering+1","Shrug It Off+1","Sword Boomerang+1","Reaper","Corruption","Dual Wield+1","Reaper","Whirlwind+1","Reaper","Limit Break","Metallicize"],"relics":["Burning Blood","Omamori","Mango","Art of War","Paper Frog","Coffee Dripper","Bronze Scales","Bag of Preparation","MawBank","Pocketwatch","Empty Cage","War Paint","Red Skull","Blood Vial"],"potions_floor_usage":[16,18,30,33,42,56,56],"damage_taken":[{"damage":6,"enemies":"Cultist","floor":1,"turns":3},{"damage":10,"enemies":"2 Louse","floor":3,"turns":3},{"damage":9,"enemies":"Small Slimes","floor":5,"turns":4},{"damage":36,"enemies":"Lagavulin","floor":7,"turns":9},{"damage":34,"enemies":"3 Sentries","floor":11,"turns":10},{"damage":3,"enemies":"Blue Slaver","floor":13,"turns":6},{"damage":1,"enemies":"Exordium Wildlife","floor":14,"turns":5},{"damage":17,"enemies":"Hexaghost","floor":16,"turns":9},{"damage":21,"enemies":"3 Byrds","floor":18,"turns":9},{"damage":14,"enemies":"Book of Stabbing","floor":24,"turns":4},{"damage":15,"enemies":"Shell Parasite","floor":28,"turns":4},{"damage":19,"enemies":"3 Cultists","floor":29,"turns":6},{"damage":31,"enemies":"Gremlin Leader","floor":30,"turns":5},{"damage":19,"enemies":"Centurion and Healer","floor":31,"turns":6},{"damage":45,"enemies":"Champ","floor":33,"turns":9},{"damage":9,"enemies":"3 Shapes","floor":35,"turns":4},{"damage":16,"enemies":"Orb Walker","floor":37,"turns":4},{"damage":25,"enemies":"Transient","floor":38,"turns":6},{"damage":23,"enemies":"Nemesis","floor":40,"turns":7},{"damage":42,"enemies":"Jaw Worm Horde","floor":41,"turns":6},{"damage":84,"enemies":"Reptomancer","floor":42,"turns":7},{"damage":34,"enemies":"Maw","floor":45,"turns":7},{"damage":62,"enemies":"Nemesis","floor":46,"turns":7},{"damage":78,"enemies":"Donu and Deca","floor":50,"turns":7},{"damage":135,"enemies":"Awakened One","floor":51,"turns":17},{"damage":154,"enemies":"Shield and Spear","floor":55,"turns":7},{"damage":171,"enemies":"The Heart","floor":56,"turns":8}],"seed_played":"-9114842350381450888","potions_obtained":[{"floor":3,"key":"SkillPotion"},{"floor":7,"key":"Poison Potion"},{"floor":13,"key":"SteroidPotion"},{"floor":14,"key":"PowerPotion"},{"floor":16,"key":"Strength Potion"},{"floor":31,"key":"BloodPotion"},{"floor":33,"key":"Block Potion"},{"floor":36,"key":"FearPotion"},{"floor":40,"key":"Strength Potion"},{"floor":45,"key":"Dexterity Potion"}],"is_trial":false,"path_per_floor":["M","$","M","?","M","R","E","R","T","R","E","R","M","M","R","B",null,"M","$","?","T","$","R","E","R","T","R","M","M","E","M","R","B",null,"M","?","M","M","?","E","M","E","T","?","M","E","R","$","R","B","B",null,"R","$","E","B",null],"character_chosen":"IRONCLAD","items_purchased":["Disarm","Reaper","SteroidPotion","Reaper","Limit Break"],"campfire_rested":1,"item_purchase_floors":[2,19,22,48,48],"current_hp_per_floor":[68,68,64,64,61,61,45,45,45,45,17,43,46,51,51,40,77,68,68,68,68,68,68,60,60,60,60,55,71,100,115,115,80,109,126,126,120,125,125,112,115,143,143,143,147,108,108,108,108,159,150,163,163,163,137,167],"gold":66,"neow_bonus":"REMOVE_CARD","is_prod":false,"is_daily":false,"chose_seed":false,"campfire_upgraded":10,"win_rate":0,"timestamp":1550712129,"path_taken":["M","?","M","?","M","R","E","R","T","R","E","R","?","M","R","BOSS","M","?","?","?","?","R","E","R","T","R","M","M","E","M","R","BOSS","M","?","?","M","?","E","M","E","T","?","?","E","R","$","R","BOSS","BOSS","R","$","E","BOSS"],"build_version":"2019-02-06","purchased_purges":3,"victory":true,"max_hp_per_floor":[75,75,75,75,75,75,89,89,89,89,89,89,89,89,89,89,89,95,95,95,95,95,95,95,95,95,95,99,107,107,115,115,119,119,127,127,131,131,131,135,143,143,143,143,147,151,151,151,151,159,167,167,167,167,167,167],"card_choices":[{"not_picked":["Perfected Strike","Dropkick"],"picked":"Inflame","floor":1},{"not_picked":["Clash","Bloodletting"],"picked":"Clothesline","floor":3},{"not_picked":["Searing Blow","Shrug It Off"],"picked":"Metallicize","floor":5},{"not_picked":["Dual Wield","Corruption"],"picked":"Shrug It Off","floor":7},{"not_picked":["Sword Boomerang","Iron Wave"],"picked":"Exhume","floor":11},{"not_picked":["Havoc","Clothesline"],"picked":"Inflame","floor":13},{"not_picked":["Cleave","Clothesline"],"picked":"Carnage","floor":14},{"not_picked":["Juggernaut","Double Tap"],"picked":"Feed","floor":16},{"not_picked":["Perfected Strike","Twin Strike"],"picked":"Anger","floor":18},{"not_picked":["Warcry","Evolve","Juggernaut"],"picked":"SKIP","floor":24},{"not_picked":["Thunderclap","Searing Blow+1","Ghostly Armor"],"picked":"SKIP","floor":28},{"not_picked":["Perfected Strike","Clothesline","Anger"],"picked":"SKIP","floor":29},{"not_picked":["Perfected Strike","Clothesline","Anger"],"picked":"SKIP","floor":29},{"not_picked":["Perfected Strike","Clothesline","Anger"],"picked":"SKIP","floor":29},{"not_picked":["Clash","Blood for Blood"],"picked":"Exhume","floor":30},{"not_picked":["Thunderclap","Cleave","Iron Wave+1"],"picked":"SKIP","floor":31},{"not_picked":["Juggernaut","Berserk"],"picked":"Offering","floor":33},{"not_picked":["Rampage+1","Dual Wield"],"picked":"Shrug It Off","floor":35},{"not_picked":["Wild Strike+1","Body Slam+1","Brutality"],"picked":"SKIP","floor":37},{"not_picked":["Anger","Carnage"],"picked":"Sword Boomerang","floor":38},{"not_picked":["Clash","Entrench"],"picked":"Reaper","floor":40},{"not_picked":["Sword Boomerang+1","Burning Pact"],"picked":"Corruption","floor":41},{"not_picked":["Dropkick","Sentinel"],"picked":"Dual Wield+1","floor":42},{"not_picked":["Wild Strike+1","Sever Soul","Body Slam"],"picked":"SKIP","floor":45},{"not_picked":["Sentinel","Sever Soul"],"picked":"Whirlwind+1","floor":46},{"not_picked":["Barricade","Wild Strike"],"picked":"Metallicize","floor":55}],"player_experience":4876028,"relics_obtained":[{"floor":7,"key":"Mango"},{"floor":9,"key":"Art of War"},{"floor":11,"key":"Paper Frog"},{"floor":21,"key":"Bronze Scales"},{"floor":24,"key":"Bag of Preparation"},{"floor":26,"key":"MawBank"},{"floor":30,"key":"Pocketwatch"},{"floor":42,"key":"War Paint"},{"floor":46,"key":"Red Skull"},{"floor":55,"key":"Blood Vial"}],"event_choices":[{"damage_healed":0,"gold_gain":0,"player_choice":"Gave Potion","damage_taken":0,"relics_obtained":["Omamori"],"max_hp_gain":0,"max_hp_loss":0,"event_name":"WeMeetAgain","floor":4,"gold_loss":0},{"damage_healed":0,"gold_gain":0,"player_choice":"Simplicity","damage_taken":0,"max_hp_gain":0,"max_hp_loss":0,"event_name":"Back to Basics","floor":20,"gold_loss":0,"cards_upgraded":["Strike_R","Strike_R","Strike_R","Defend_R","Defend_R","Defend_R","Defend_R"]},{"damage_healed":0,"gold_gain":0,"player_choice":"Bought 3 Potions","damage_taken":0,"max_hp_gain":0,"max_hp_loss":0,"event_name":"The Woman in Blue","floor":36,"gold_loss":0},{"damage_healed":0,"gold_gain":0,"player_choice":"Ignored","damage_taken":0,"max_hp_gain":0,"max_hp_loss":0,"event_name":"Tomb of Lord Red Mask","floor":39,"gold_loss":0},{"damage_healed":0,"gold_gain":0,"player_choice":"1 cards matched","damage_taken":0,"max_hp_gain":0,"max_hp_loss":0,"event_name":"Match and Keep!","floor":44,"gold_loss":0,"cards_obtained":["Reaper"]}],"is_beta":true,"boss_relics":[{"not_picked":["Runic Cube","Runic Dome"],"picked":"Coffee Dripper"},{"not_picked":["Busted Crown","Black Blood"],"picked":"Empty Cage"}],"items_purged_floors":[19,48,54],"is_endless":false,"potions_floor_spawned":[3,7,13,14,16,28,31,33,35,40,45,46,55],"ascension_level":20}