{"gold_per_floor":[359,374,449,449,449,449,483,494,520,520,21,21,48,59,59,132,132,146,160,32,32,43,76,76,86,168,168,93,93,93,143,143,143],"floor_reached":33,"playtime":1428,"items_purged":["Strike_B"],"score":542,"play_id":"cf1f2c6d-822f-42fb-963c-26bd7ae9a650","local_time":"20190216122403","is_ascension_mode":true,"campfire_choices":[{"data":"Zap","floor":6,"key":"SMITH"},{"data":"Conserve Battery","floor":10,"key":"SMITH"},{"floor":12,"key":"REST"},{"floor":15,"key":"REST"},{"floor":24,"key":"REST"},{"floor":27,"key":"REST"},{"floor":32,"key":"REST"}],"neow_cost":"TEN_PERCENT_HP_LOSS","seed_source_timestamp":105624911189337,"circlet_count":0,"master_deck":["AscendersBane","Strike_B","Strike_B","Defend_B","Defend_B","Defend_B","Defend_B","Zap+1","Dualcast","Compile Driver","Conserve Battery+1","Coolheaded","Coolheaded","Core Surge","Compile Driver","Doom and Gloom","Sunder","Capacitor+1"],"relics":["Cracked Core","Oddly Smooth Stone","DataDisk","Symbiotic Virus","Medical Kit","Potion Belt","Snecko Eye","Bronze Scales","Singing Bowl"],"potions_floor_usage":[7,12,23,23,23,30],"damage_taken":[{"damage":4,"enemies":"Jaw Worm","floor":1,"turns":4},{"damage":11,"enemies":"Small Slimes","floor":2,"turns":4},{"damage":32,"enemies":"Gremlin Nob","floor":7,"turns":4},{"damage":0,"enemies":"2 Louse","floor":8,"turns":1},{"damage":46,"enemies":"3 Sentries","floor":13,"turns":9},{"damage":0,"enemies":"Large Slime","floor":14,"turns":3},{"damage":25,"enemies":"Hexaghost","floor":16,"turns":13},{"damage":7,"enemies":"Spheric Guardian","floor":18,"turns":4},{"damage":0,"enemies":"3 Byrds","floor":19,"turns":5},{"damage":0,"enemies":"Cultist and Chosen","floor":22,"turns":4},{"damage":38,"enemies":"Book of Stabbing","floor":23,"turns":4},{"damage":5,"enemies":"Snake Plant","floor":25,"turns":3},{"damage":34,"enemies":"Colosseum Slavers","floor":30,"turns":3},{"damage":47,"enemies":"Collector","floor":33,"turns":6}],"seed_played":"9099760390760507883","potions_obtained":[{"floor":1,"key":"PowerPotion"},{"floor":8,"key":"Fruit Juice"},{"floor":16,"key":"Energy Potion"},{"floor":22,"key":"SteroidPotion"},{"floor":25,"key":"GamblersBrew"}],"is_trial":false,"path_per_floor":["M","M","?","?","?","R","E","M","T","R","$","R","E","M","R","B",null,"M","M","$","?","M","E","R","M","T","R","?","T","?","?","R","B"],"character_chosen":"DEFECT","items_purchased":["Symbiotic Virus","Medical Kit","Fire Potion"],"campfire_rested":5,"item_purchase_floors":[11,11,20],"current_hp_per_floor":[60,49,38,59,59,59,27,27,27,27,27,52,6,6,26,1,52,45,45,45,45,45,7,27,22,22,42,42,42,8,8,28,0],"gold":143,"neow_bonus":"TWO_FIFTY_GOLD","is_prod":false,"is_daily":false,"chose_seed":false,"campfire_upgraded":2,"win_rate":0,"timestamp":1550348643,"path_taken":["M","M","?","?","?","R","E","M","T","R","$","R","E","M","R","BOSS","M","M","$","?","M","E","R","M","T","R","?","?","?","?","R","BOSS"],"build_version":"2019-02-06","purchased_purges":1,"victory":false,"max_hp_per_floor":[64,64,64,64,64,64,64,64,64,64,64,69,69,69,69,69,69,69,69,69,69,69,69,69,69,69,69,69,69,69,69,69,69],"card_choices":[{"not_picked":["Reprogram","Force Field"],"picked":"Compile Driver","floor":1},{"not_picked":["Barrage","Reprogram","Redo"],"picked":"SKIP","floor":2},{"not_picked":["Turbo","Reboot","Thunder Strike"],"picked":"SKIP","floor":7},{"not_picked":["Sweeping Beam","Barrage"],"picked":"Conserve Battery","floor":8},{"not_picked":["Cold Snap","Double Energy"],"picked":"Coolheaded","floor":13},{"not_picked":["Cold Snap","Aggregate"],"picked":"Coolheaded","floor":14},{"not_picked":["Multi-Cast","Thunder Strike"],"picked":"Core Surge","floor":16},{"not_picked":["Ball Lightning","Rip and Tear+1"],"picked":"Compile Driver","floor":18},{"not_picked":["Rebound","Leap"],"picked":"Doom and Gloom","floor":19},{"not_picked":["Conserve Battery","Stack"],"picked":"Sunder","floor":22},{"not_picked":["Rebound","Reprogram+1","FTL"],"picked":"SKIP","floor":23},{"not_picked":["Cold Snap","Conserve Battery"],"picked":"Capacitor+1","floor":25}],"player_experience":4845411,"relics_obtained":[{"floor":7,"key":"Oddly Smooth Stone"},{"floor":9,"key":"DataDisk"},{"floor":13,"key":"Potion Belt"},{"floor":23,"key":"Bronze Scales"},{"floor":26,"key":"Singing Bowl"}],"event_choices":[{"damage_healed":0,"gold_gain":75,"player_choice":"Gather Gold","damage_taken":11,"max_hp_gain":0,"max_hp_loss":0,"event_name":"World of Goop","floor":3,"gold_loss":0},{"damage_healed":21,"gold_gain":0,"player_choice":"Banana","damage_taken":0,"max_hp_gain":0,"max_hp_loss":0,"event_name":"Big Fish","floor":4,"gold_loss":0},{"damage_healed":0,"gold_gain":0,"player_choice":"Ignored","damage_taken":0,"max_hp_gain":0,"max_hp_loss":0,"event_name":"Liars Game","floor":5,"gold_loss":0},{"cards_removed":["Strike_B"],"damage_healed":0,"gold_gain":0,"player_choice":"Gave Gold","damage_taken":0,"max_hp_gain":0,"max_hp_loss":0,"event_name":"Beggar","floor":28,"gold_loss":75},{"damage_healed":0,"gold_gain":0,"player_choice":"Fight","damage_taken":0,"max_hp_gain":0,"max_hp_loss":0,"event_name":"Colosseum","floor":30,"gold_loss":0},{"damage_healed":0,"gold_gain":0,"player_choice":"Fled From Nobs","damage_taken":0,"max_hp_gain":0,"max_hp_loss":0,"event_name":"Colosseum","floor":30,"gold_loss":0},{"damage_healed":0,"gold_gain":50,"player_choice":"Stole From Cult","damage_taken":0,"max_hp_gain":0,"max_hp_loss":0,"event_name":"Nest","floor":31,"gold_loss":0}],"is_beta":true,"boss_relics":[{"not_picked":["Pandora\u0027s Box","Lizard Tail"],"picked":"Snecko Eye"}],"items_purged_floors":[20],"is_endless":false,"potions_floor_spawned":[1,8,16,22,25],"killed_by":"Collector","ascension_level":20}