{"gold_per_floor":[217,217,12,25,25,25,66,82,82,82,106,31,52,73,73,162,162,176,199,217,41,64,64],"floor_reached":23,"playtime":1289,"items_purged":["Strike_G","Strike_G"],"score":390,"play_id":"c58716e2-b7a1-4e3a-bb47-bff8a06b97d1","local_time":"20190214123002","is_ascension_mode":true,"campfire_choices":[{"data":"Poisoned Stab","floor":6,"key":"SMITH"},{"data":"Neutralize","floor":10,"key":"SMITH"},{"data":"Crippling Poison","floor":15,"key":"SMITH"}],"neow_cost":"NONE","seed_source_timestamp":7533097682083,"circlet_count":0,"master_deck":["AscendersBane","Defend_G","Defend_G","Defend_G","Defend_G","Defend_G","Strike_G","Strike_G","Survivor","Neutralize+1","Infinite Blades","Poisoned Stab+1","Cloak And Dagger","PiercingWail","Poisoned Stab","Crippling Poison+1","Glass Knife","Backflip","Predator","PiercingWail","Well Laid Plans"],"relics":["Ring of the Snake","Bronze Scales","Golden Idol","Dodecahedron","Paper Crane","Philosopher\u0027s Stone"],"potions_floor_usage":[16,18],"damage_taken":[{"damage":5,"enemies":"Small Slimes","floor":1,"turns":4},{"damage":0,"enemies":"Jaw Worm","floor":4,"turns":5},{"damage":19,"enemies":"3 Sentries","floor":7,"turns":10},{"damage":0,"enemies":"2 Louse","floor":8,"turns":3},{"damage":4,"enemies":"Red Slaver","floor":11,"turns":4},{"damage":1,"enemies":"3 Louse","floor":13,"turns":3},{"damage":1,"enemies":"Looter","floor":14,"turns":4},{"damage":18,"enemies":"The Guardian","floor":16,"turns":10},{"damage":2,"enemies":"Spheric Guardian","floor":18,"turns":5},{"damage":0,"enemies":"3 Byrds","floor":19,"turns":3},{"damage":5,"enemies":"Centurion and Healer","floor":20,"turns":6},{"damage":22,"enemies":"Snake Plant","floor":22,"turns":3},{"damage":28,"enemies":"Slavers","floor":23,"turns":3}],"seed_played":"-4739220865766228026","potions_obtained":[{"floor":7,"key":"GamblersBrew"},{"floor":13,"key":"Regen Potion"}],"is_trial":false,"path_per_floor":["M","?","$","M","?","R","E","M","T","R","M","$","M","M","R","B",null,"M","M","M","$","M","E"],"character_chosen":"THE_SILENT","items_purchased":["Bronze Scales","Infinite Blades","Well Laid Plans"],"campfire_rested":0,"item_purchase_floors":[3,3,21],"current_hp_per_floor":[54,47,47,47,47,47,28,28,28,28,24,24,23,22,22,19,50,48,48,43,43,21,0],"gold":64,"neow_bonus":"HUNDRED_GOLD","is_prod":false,"is_daily":false,"chose_seed":false,"campfire_upgraded":3,"win_rate":0,"timestamp":1550176202,"path_taken":["M","?","$","M","?","R","E","M","T","R","M","$","M","M","R","BOSS","M","M","M","$","M","E"],"build_version":"2019-02-06","purchased_purges":2,"victory":false,"max_hp_per_floor":[66,66,66,66,60,60,60,60,60,60,60,60,60,60,60,60,60,60,60,60,60,60,60],"card_choices":[{"not_picked":["Sucker Punch","Tactician","Choke"],"picked":"SKIP","floor":1},{"not_picked":["Expertise","Bane"],"picked":"Poisoned Stab","floor":4},{"not_picked":["Quick Slash","Underhanded Strike"],"picked":"Cloak And Dagger","floor":7},{"not_picked":["Dagger Spray","Slice"],"picked":"PiercingWail","floor":8},{"not_picked":["Dagger Spray","Blade Dance"],"picked":"Poisoned Stab","floor":11},{"not_picked":["Terror","Wraith Form v2"],"picked":"Crippling Poison","floor":13},{"not_picked":["Bane","Skewer","Deadly Poison"],"picked":"SKIP","floor":14},{"not_picked":["Grand Finale","Burst"],"picked":"Glass Knife","floor":16},{"not_picked":["Quick Slash","Outmaneuver"],"picked":"Backflip","floor":18},{"not_picked":["All Out Attack","Finisher"],"picked":"Predator","floor":19},{"not_picked":["Escape Plan+1","Caltrops"],"picked":"PiercingWail","floor":20},{"not_picked":["Predator","Dodge and Roll","Flying Knee+1"],"picked":"SKIP","floor":22}],"player_experience":4813761,"relics_obtained":[{"floor":7,"key":"Dodecahedron"},{"floor":9,"key":"Paper Crane"}],"event_choices":[{"cards_removed":["Strike_G"],"damage_healed":0,"gold_gain":0,"player_choice":"Card Removal","damage_taken":7,"max_hp_gain":0,"max_hp_loss":0,"event_name":"Golden Wing","floor":2,"gold_loss":0},{"damage_healed":0,"gold_gain":0,"player_choice":"Lose Max HP","damage_taken":0,"relics_obtained":["Golden Idol"],"max_hp_gain":0,"max_hp_loss":6,"event_name":"Golden Idol","floor":5,"gold_loss":0}],"is_beta":true,"boss_relics":[{"not_picked":["Runic Dome","Calling Bell"],"picked":"Philosopher\u0027s Stone"}],"items_purged_floors":[12,21],"is_endless":false,"potions_floor_spawned":[7,13],"killed_by":"Slavers","ascension_level":20}