{"gold_per_floor":[110,185,56,56,80,80,123,123,123,138,138,138,154,197,197,295,295,309,309,332,356,371,407,407,427,504,504,504,22,22,40,40,139,139,164,25,45,70,70,113,126,170,194,194,217,197,210,210,210,210,210,210,210,8,51,51],"floor_reached":57,"playtime":5115,"items_purged":["Strike_G","Strike_G","Strike_G+1"],"score":3209,"play_id":"dd0e7967-d412-477f-8e1b-120f4a874aac","local_time":"20190212151024","is_ascension_mode":true,"campfire_choices":[{"data":"Dagger Throw","floor":6,"key":"SMITH"},{"data":"Sucker Punch","floor":8,"key":"SMITH"},{"data":"Dagger Spray","floor":11,"key":"SMITH"},{"data":"Wraith Form v2","floor":15,"key":"SMITH"},{"floor":24,"key":"REST"},{"data":"Footwork","floor":30,"key":"SMITH"},{"data":"Acrobatics","floor":32,"key":"SMITH"},{"floor":44,"key":"RECALL"},{"data":"PiercingWail","floor":49,"key":"SMITH"},{"data":"Backflip","floor":53,"key":"SMITH"}],"neow_cost":"NONE","seed_source_timestamp":164912632486962,"circlet_count":0,"master_deck":["AscendersBane","Defend_G+1","Defend_G+1","Defend_G+1","Defend_G+1","Defend_G+1","Strike_G+1","Survivor+1","Neutralize+1","Wraith Form v2+1","Dagger Throw+1","Dodge and Roll+1","Sucker Punch+1","Dagger Spray+1","Deadly Poison+1","Poisoned Stab+1","Malaise+1","Backflip+1","Noxious Fumes+1","PiercingWail+1","Footwork+1","Ghostly+1","Ghostly+1","Ghostly+1","Acrobatics+1","Noxious Fumes+1","After Image+1","Acrobatics+1","Leg Sweep+1","Calculated Gamble+1","Backflip+1","Crippling Poison+1","Backflip+1","PiercingWail+1","Footwork","Calculated Gamble"],"relics":["Ring of the Snake","Golden Idol","Vajra","Snake Skull","HoveringKite","Juzu Bracelet","Molten Egg 2","FossilizedHelix","Runic Pyramid","Mark of the Bloom","Blood Vial","Pocketwatch","Centennial Puzzle","Orichalcum"],"potions_floor_usage":[7,7,14,22,23],"damage_taken":[{"damage":3,"enemies":"Cultist","floor":1,"turns":4},{"damage":0,"enemies":"2 Louse","floor":5,"turns":3},{"damage":28,"enemies":"Gremlin Nob","floor":7,"turns":7},{"damage":0,"enemies":"Small Slimes","floor":10,"turns":2},{"damage":1,"enemies":"Exordium Thugs","floor":13,"turns":5},{"damage":11,"enemies":"3 Sentries","floor":14,"turns":6},{"damage":26,"enemies":"The Guardian","floor":16,"turns":11},{"damage":4,"enemies":"Spheric Guardian","floor":18,"turns":6},{"damage":2,"enemies":"3 Byrds","floor":20,"turns":5},{"damage":1,"enemies":"Snecko","floor":21,"turns":5},{"damage":12,"enemies":"Snake Plant","floor":22,"turns":5},{"damage":0,"enemies":"Gremlin Leader","floor":23,"turns":7},{"damage":4,"enemies":"Centurion and Healer","floor":25,"turns":10},{"damage":2,"enemies":"Cultist and Chosen","floor":31,"turns":7},{"damage":0,"enemies":"Automaton","floor":33,"turns":14},{"damage":0,"enemies":"3 Darklings","floor":35,"turns":5},{"damage":0,"enemies":"3 Shapes","floor":37,"turns":5},{"damage":0,"enemies":"Jaw Worm Horde","floor":38,"turns":6},{"damage":9,"enemies":"Reptomancer","floor":40,"turns":7},{"damage":0,"enemies":"Sphere and 2 Shapes","floor":41,"turns":6},{"damage":0,"enemies":"Nemesis","floor":42,"turns":11},{"damage":0,"enemies":"4 Shapes","floor":45,"turns":6},{"damage":0,"enemies":"Spire Growth","floor":47,"turns":9},{"damage":0,"enemies":"Awakened One","floor":50,"turns":21},{"damage":0,"enemies":"Time Eater","floor":51,"turns":16},{"damage":0,"enemies":"Shield and Spear","floor":55,"turns":10},{"damage":0,"enemies":"The Heart","floor":56,"turns":15}],"seed_played":"-6521463535122632000","potions_obtained":[{"floor":5,"key":"Regen Potion"},{"floor":10,"key":"Explosive Potion"},{"floor":13,"key":"Regen Potion"},{"floor":16,"key":"Block Potion"},{"floor":23,"key":"Explosive Potion"},{"floor":25,"key":"SneckoOil"},{"floor":33,"key":"Strength Potion"},{"floor":45,"key":"GamblersBrew"}],"is_trial":false,"path_per_floor":["M","?","$","?","M","R","E","R","T","M","R","?","M","E","R","B",null,"M","?","M","M","M","E","R","M","T","?","?","$","R","M","R","B",null,"M","$","M","M","?","E","M","E","T","R","M","?","M","?","R","B","B",null,"R","$","E","B",null],"character_chosen":"THE_SILENT","items_purchased":["Block Potion","Acrobatics","FossilizedHelix","GhostInAJar","Acrobatics","Footwork"],"campfire_rested":1,"item_purchase_floors":[3,29,29,36,36,54],"current_hp_per_floor":[56,45,45,45,45,45,32,32,32,32,32,32,31,35,35,9,47,43,34,32,31,19,19,37,33,33,33,30,30,30,28,28,28,30,30,30,30,30,30,21,21,21,21,21,21,21,21,21,21,21,21,21,21,21,21,21],"gold":51,"neow_bonus":"ONE_RANDOM_RARE_CARD","is_prod":false,"is_daily":false,"chose_seed":false,"campfire_upgraded":8,"win_rate":0,"timestamp":1550013024,"path_taken":["M","?","$","?","M","R","E","R","T","M","R","?","M","E","R","BOSS","M","?","M","?","M","E","R","M","T","?","?","$","R","M","R","BOSS","M","$","M","M","?","E","M","E","T","R","M","?","M","?","R","BOSS","BOSS","R","$","E","BOSS"],"build_version":"2019-02-06","purchased_purges":3,"victory":true,"max_hp_per_floor":[66,66,66,60,60,60,60,60,60,60,60,60,60,60,60,60,60,60,60,60,60,60,60,60,60,60,60,30,30,30,30,30,30,30,30,30,30,30,30,30,30,30,30,30,30,30,30,30,30,30,30,30,30,30,30,30],"card_choices":[{"not_picked":["Acrobatics","Bouncing Flask"],"picked":"Dagger Throw","floor":1},{"not_picked":["Acrobatics","Venomology"],"picked":"Dodge and Roll","floor":5},{"not_picked":["Tactician","Grand Finale"],"picked":"Sucker Punch","floor":7},{"not_picked":["Dodge and Roll","Choke"],"picked":"Dagger Spray","floor":10},{"not_picked":["Expertise","Sucker Punch"],"picked":"Deadly Poison","floor":13},{"not_picked":["Tactician","Quick Slash"],"picked":"Poisoned Stab","floor":14},{"not_picked":["Storm of Steel","Venomology"],"picked":"Malaise","floor":16},{"not_picked":["Skewer","Quick Slash+1"],"picked":"Backflip","floor":18},{"not_picked":["Dagger Spray","Blade Dance"],"picked":"Noxious Fumes","floor":20},{"not_picked":["Caltrops","Deflect","All Out Attack"],"picked":"SKIP","floor":21},{"not_picked":["Blur","Unload"],"picked":"PiercingWail","floor":22},{"not_picked":["Choke+1","Quick Slash+1"],"picked":"Footwork","floor":23},{"not_picked":["Outmaneuver","Terror","Dagger Throw"],"picked":"SKIP","floor":25},{"not_picked":["Dodge and Roll","Blade Dance"],"picked":"Noxious Fumes","floor":31},{"not_picked":["Burst","Phantasmal Killer"],"picked":"After Image","floor":33},{"not_picked":["Dagger Spray+1","Skewer+1","Dagger Throw+1"],"picked":"SKIP","floor":35},{"not_picked":["Masterful Stab+1","Sucker Punch+1"],"picked":"Leg Sweep","floor":37},{"not_picked":["Sucker Punch+1","All Out Attack+1","Prepared"],"picked":"SKIP","floor":38},{"not_picked":["Noxious Fumes","Concentrate"],"picked":"Calculated Gamble+1","floor":40},{"not_picked":["Backstab+1","Predator+1"],"picked":"Backflip+1","floor":41},{"not_picked":["Skewer+1","Eviscerate+1"],"picked":"Crippling Poison+1","floor":42},{"not_picked":["Acrobatics","Backstab+1"],"picked":"Backflip","floor":45},{"not_picked":["Dagger Spray+1","Prepared"],"picked":"PiercingWail","floor":47},{"not_picked":["Slice+1","Bane+1"],"picked":"Calculated Gamble","floor":55}],"player_experience":4778003,"relics_obtained":[{"floor":7,"key":"Vajra"},{"floor":14,"key":"Snake Skull"},{"floor":23,"key":"Juzu Bracelet"},{"floor":26,"key":"Molten Egg 2"},{"floor":40,"key":"Blood Vial"},{"floor":42,"key":"Pocketwatch"},{"floor":43,"key":"Centennial Puzzle"},{"floor":55,"key":"Orichalcum"}],"event_choices":[{"damage_healed":0,"gold_gain":75,"player_choice":"Gather Gold","damage_taken":11,"max_hp_gain":0,"max_hp_loss":0,"event_name":"World of Goop","floor":2,"gold_loss":0},{"damage_healed":0,"gold_gain":0,"player_choice":"Lose Max HP","damage_taken":0,"relics_obtained":["Golden Idol"],"max_hp_gain":0,"max_hp_loss":6,"event_name":"Golden Idol","floor":4,"gold_loss":0},{"damage_healed":0,"gold_gain":0,"player_choice":"Ignored","damage_taken":0,"max_hp_gain":0,"max_hp_loss":0,"event_name":"Liars Game","floor":12,"gold_loss":0},{"damage_healed":0,"gold_gain":0,"player_choice":"Damaged","damage_taken":9,"max_hp_gain":0,"max_hp_loss":0,"event_name":"Wheel of Change","floor":19,"gold_loss":0},{"cards_removed":["Strike_G"],"damage_healed":0,"gold_gain":0,"player_choice":"Purged","damage_taken":0,"max_hp_gain":0,"max_hp_loss":0,"event_name":"Purifier","floor":27,"gold_loss":0},{"damage_healed":0,"gold_gain":0,"player_choice":"Became a Ghost","damage_taken":0,"max_hp_gain":0,"max_hp_loss":30,"event_name":"Ghosts","floor":28,"gold_loss":0,"cards_obtained":["Ghostly","Ghostly","Ghostly"]},{"damage_healed":0,"gold_gain":0,"player_choice":"Upgrade","damage_taken":0,"relics_obtained":["Mark of the Bloom"],"max_hp_gain":0,"max_hp_loss":0,"event_name":"MindBloom","floor":39,"gold_loss":0,"cards_upgraded":["Defend_G","Defend_G","Defend_G","Defend_G","Defend_G","Strike_G","Strike_G","Survivor","Neutralize","Dodge and Roll","Deadly Poison","Poisoned Stab","Malaise","Backflip","Noxious Fumes","PiercingWail","Ghostly","Ghostly","Ghostly","Noxious Fumes","After Image","Acrobatics","Leg Sweep"]},{"damage_healed":0,"gold_gain":0,"player_choice":"Bought 1 Potion","damage_taken":0,"max_hp_gain":0,"max_hp_loss":0,"event_name":"The Woman in Blue","floor":46,"gold_loss":0},{"damage_healed":0,"gold_gain":0,"player_choice":"Memory 1","damage_taken":0,"max_hp_gain":0,"max_hp_loss":0,"event_name":"SensoryStone","floor":48,"gold_loss":0}],"is_beta":true,"boss_relics":[{"not_picked":["Empty Cage","White Beast Statue"],"picked":"HoveringKite"},{"not_picked":["Black Star","Snecko Eye"],"picked":"Runic Pyramid"}],"items_purged_floors":[3,29,54],"is_endless":false,"potions_floor_spawned":[5,10,13,16,23,25,33,35,41,45],"ascension_level":20}