{"gold_per_floor":[112,112,123,123,142,142,159,159,159,172,14,33,33,52,52,127,127,138,138,38,54,54,54,70,98,123,141,171,171,186,211,211,287,287,301,301,301,319,594,626,638,683,719,747,56,76,92,118,118,118,118,118,118,41,68,68],"floor_reached":57,"playtime":4439,"items_purged":["Strike_G","Strike_G","Regret"],"score":3063,"play_id":"0e20b583-14d9-4f4f-bf2f-0922c2f51d20","local_time":"20190217182131","is_ascension_mode":true,"campfire_choices":[{"data":"Skewer","floor":6,"key":"SMITH"},{"data":"Neutralize","floor":8,"key":"SMITH"},{"data":"Survivor","floor":13,"key":"SMITH"},{"data":"Finisher","floor":15,"key":"SMITH"},{"floor":23,"key":"RECALL"},{"floor":29,"key":"REST"},{"floor":32,"key":"REST"},{"floor":41,"key":"REST"},{"floor":49,"key":"REST"},{"floor":53,"key":"REST"}],"neow_cost":"TEN_PERCENT_HP_LOSS","seed_source_timestamp":210448693489717,"circlet_count":0,"master_deck":["AscendersBane","Defend_G","Defend_G","Defend_G","Defend_G","Survivor+1","Neutralize+1","PiercingWail+1","Finisher+1","Skewer+1","Leg Sweep+1","Footwork+1","Caltrops+1","PiercingWail+1","Adrenaline+1","Backflip+1","Ghostly+1","Ghostly+1","Ghostly+1","Backflip+1","Well Laid Plans+1","Blade Dance+1","Backflip+1","PiercingWail+1","Deflect+1","Malaise+1","Infinite Blades+1","Deflect+1","Malaise+1","PiercingWail+1","Trip+1","Deadly Poison+1","Deadly Poison+1","Deadly Poison+1","Noxious Fumes+1","Dodge and Roll+1","A Thousand Cuts+1","Footwork+1","Well Laid Plans+1"],"relics":["Ring of the Snake","Ice Cream","Toxic Egg 2","Frozen Egg 2","Fusion Hammer","Paper Crane","Ancient Tea Set","Blue Candle","Bird Faced Urn","Astrolabe","MawBank","Mango","Centennial Puzzle","Gambling Chip","Sundial","Snake Skull"],"potions_floor_usage":[14,25,28,56],"damage_taken":[{"damage":7,"enemies":"Jaw Worm","floor":1,"turns":6},{"damage":0,"enemies":"2 Louse","floor":3,"turns":4},{"damage":1,"enemies":"Cultist","floor":5,"turns":4},{"damage":0,"enemies":"2 Fungi Beasts","floor":7,"turns":2},{"damage":0,"enemies":"Large Slime","floor":10,"turns":4},{"damage":1,"enemies":"Blue Slaver","floor":12,"turns":4},{"damage":0,"enemies":"Gremlin Gang","floor":14,"turns":3},{"damage":14,"enemies":"Hexaghost","floor":16,"turns":10},{"damage":9,"enemies":"Chosen","floor":18,"turns":3},{"damage":0,"enemies":"3 Byrds","floor":21,"turns":2},{"damage":0,"enemies":"3 Cultists","floor":24,"turns":8},{"damage":7,"enemies":"Gremlin Leader","floor":25,"turns":8},{"damage":2,"enemies":"Centurion and Healer","floor":27,"turns":7},{"damage":0,"enemies":"Slavers","floor":28,"turns":5},{"damage":0,"enemies":"Chosen and Byrds","floor":30,"turns":4},{"damage":0,"enemies":"Gremlin Leader","floor":31,"turns":5},{"damage":0,"enemies":"Champ","floor":33,"turns":15},{"damage":0,"enemies":"3 Darklings","floor":35,"turns":7},{"damage":0,"enemies":"3 Shapes","floor":38,"turns":8},{"damage":3,"enemies":"Nemesis","floor":40,"turns":7},{"damage":1,"enemies":"Reptomancer","floor":42,"turns":7},{"damage":8,"enemies":"Spire Growth","floor":44,"turns":6},{"damage":12,"enemies":"3 Darklings","floor":46,"turns":6},{"damage":0,"enemies":"4 Shapes","floor":47,"turns":7},{"damage":0,"enemies":"Giant Head","floor":48,"turns":12},{"damage":3,"enemies":"Awakened One","floor":50,"turns":18},{"damage":2,"enemies":"Donu and Deca","floor":51,"turns":14},{"damage":14,"enemies":"Shield and Spear","floor":55,"turns":11},{"damage":4,"enemies":"The Heart","floor":56,"turns":12}],"seed_played":"8770476067915915551","potions_obtained":[{"floor":5,"key":"LiquidBronze"},{"floor":7,"key":"Block Potion"},{"floor":10,"key":"AttackPotion"},{"floor":16,"key":"GhostInAJar"},{"floor":27,"key":"Regen Potion"},{"floor":31,"key":"FearPotion"},{"floor":40,"key":"PowerPotion"}],"is_trial":false,"path_per_floor":["M","?","M","?","M","R","M","R","T","M","$","M","R","M","R","B",null,"M","?","$","M","?","R","M","E","T","M","E","R","M","E","R","B",null,"M","?","?","M","?","E","R","E","T","M","$","M","M","E","R","B","B",null,"R","$","E","B",null],"character_chosen":"THE_SILENT","items_purchased":["Caltrops+1","Noxious Fumes+1","Centennial Puzzle","Gambling Chip","Footwork+1"],"campfire_rested":5,"item_purchase_floors":[11,45,45,45,54],"current_hp_per_floor":[52,41,41,34,33,33,33,33,33,33,33,32,32,32,32,18,50,41,30,30,30,30,30,30,23,23,21,30,30,30,30,30,30,30,30,20,20,28,28,28,28,42,42,34,34,30,40,42,42,42,42,42,42,42,36,42],"gold":68,"neow_bonus":"ONE_RARE_RELIC","is_prod":false,"is_daily":false,"chose_seed":false,"campfire_upgraded":4,"win_rate":0,"timestamp":1550456491,"path_taken":["M","?","M","?","M","R","M","R","T","M","?","M","R","M","R","BOSS","M","?","$","M","?","R","?","E","T","M","E","R","M","E","R","BOSS","M","?","?","M","?","E","R","E","T","?","$","M","M","E","R","BOSS","BOSS","R","$","E","BOSS"],"build_version":"2019-02-06","purchased_purges":3,"victory":true,"max_hp_per_floor":[60,60,60,60,60,60,60,60,60,60,60,60,60,60,60,60,60,60,30,30,30,30,30,30,30,30,30,30,30,30,30,30,30,30,30,30,28,28,28,28,28,42,42,42,42,42,42,42,42,42,42,42,42,42,42,42],"card_choices":[{"not_picked":["Outmaneuver","Blur"],"picked":"PiercingWail","floor":1},{"not_picked":["Deflect+1","Acrobatics+1"],"picked":"Finisher","floor":3},{"not_picked":["Prepared+1","Underhanded Strike"],"picked":"Skewer","floor":5},{"not_picked":["Eviscerate","Underhanded Strike"],"picked":"Leg Sweep+1","floor":7},{"not_picked":["Sucker Punch","Distraction+1"],"picked":"Footwork+1","floor":10},{"not_picked":["Dagger Throw","Skewer","Grand Finale"],"picked":"SKIP","floor":12},{"not_picked":["Blade Dance+1","Sucker Punch"],"picked":"PiercingWail+1","floor":14},{"not_picked":["Storm of Steel+1","Burst+1"],"picked":"Adrenaline+1","floor":16},{"not_picked":["Dagger Throw+1","PiercingWail+1"],"picked":"Backflip+1","floor":18},{"not_picked":["Distraction+1","Setup+1","Outmaneuver+1"],"picked":"SKIP","floor":21},{"not_picked":["Distraction+1","Setup+1","Outmaneuver+1"],"picked":"SKIP","floor":21},{"not_picked":["Deflect+1","PiercingWail+1"],"picked":"Backflip+1","floor":24},{"not_picked":["Concentrate+1","Eviscerate"],"picked":"Well Laid Plans+1","floor":25},{"not_picked":["Calculated Gamble+1","Underhanded Strike"],"picked":"Blade Dance+1","floor":27},{"not_picked":["Quick Slash+1","Endless Agony"],"picked":"Backflip+1","floor":28},{"not_picked":["Bouncing Flask+1","Backflip+1"],"picked":"PiercingWail+1","floor":30},{"not_picked":["Glass Knife","Dagger Throw"],"picked":"Deflect+1","floor":31},{"not_picked":["Unload","Grand Finale"],"picked":"Malaise+1","floor":33},{"not_picked":["Infinite Blades+1","Prepared+1"],"picked":"PiercingWail+1","floor":35},{"not_picked":["Mind Blast","Madness+1"],"picked":"Trip+1","floor":36},{"not_picked":["Poisoned Stab","Dagger Spray","Concentrate+1"],"picked":"SKIP","floor":38},{"not_picked":["Outmaneuver+1","Well Laid Plans+1"],"picked":"Deadly Poison+1","floor":40},{"not_picked":["Flechettes","Slice+1"],"picked":"Deadly Poison+1","floor":42},{"not_picked":["Cloak And Dagger+1","Poisoned Stab"],"picked":"Deadly Poison+1","floor":44},{"not_picked":["Quick Slash","Cloak And Dagger+1"],"picked":"Dodge and Roll+1","floor":46},{"not_picked":["Dodge and Roll+1","Heel Hook","Blur+1"],"picked":"SKIP","floor":47},{"not_picked":["Distraction+1","Heel Hook"],"picked":"A Thousand Cuts+1","floor":48},{"not_picked":["Terror+1","Setup+1"],"picked":"Well Laid Plans+1","floor":55}],"player_experience":4864812,"relics_obtained":[{"floor":9,"key":"Frozen Egg 2"},{"floor":25,"key":"Paper Crane"},{"floor":26,"key":"Ancient Tea Set"},{"floor":28,"key":"Blue Candle"},{"floor":31,"key":"Bird Faced Urn"},{"floor":40,"key":"MawBank"},{"floor":42,"key":"Mango"},{"floor":48,"key":"Sundial"},{"floor":55,"key":"Snake Skull"}],"event_choices":[{"damage_healed":0,"gold_gain":0,"player_choice":"Success","damage_taken":11,"relics_obtained":["Toxic Egg 2"],"max_hp_gain":0,"max_hp_loss":0,"event_name":"Scrap Ooze","floor":2,"gold_loss":0},{"cards_removed":["Defend_G"],"damage_healed":0,"gold_gain":0,"player_choice":"Card Removal","damage_taken":7,"max_hp_gain":0,"max_hp_loss":0,"event_name":"Golden Wing","floor":4,"gold_loss":0},{"damage_healed":0,"gold_gain":0,"player_choice":"Became a Ghost","damage_taken":0,"max_hp_gain":0,"max_hp_loss":30,"event_name":"Ghosts","floor":19,"gold_loss":0,"cards_obtained":["Ghostly","Ghostly","Ghostly"]},{"damage_healed":0,"gold_gain":0,"player_choice":"Upgraded","damage_taken":0,"max_hp_gain":0,"max_hp_loss":0,"event_name":"Upgrade Shrine","floor":22,"gold_loss":0,"cards_upgraded":["PiercingWail"]},{"damage_healed":0,"gold_gain":0,"player_choice":"Memory 3","damage_taken":10,"max_hp_gain":0,"max_hp_loss":0,"event_name":"SensoryStone","floor":36,"gold_loss":0},{"damage_healed":0,"gold_gain":0,"player_choice":"Max HP","damage_taken":0,"max_hp_gain":0,"max_hp_loss":2,"event_name":"Winding Halls","floor":37,"gold_loss":0},{"damage_healed":0,"gold_gain":275,"player_choice":"Desecrate","damage_taken":0,"max_hp_gain":0,"max_hp_loss":0,"event_name":"Golden Shrine","floor":39,"gold_loss":0,"cards_obtained":["Regret"]}],"is_beta":true,"boss_relics":[{"not_picked":["Cursed Key","Velvet Choker"],"picked":"Fusion Hammer"},{"not_picked":["WristBlade","Eternal Feather"],"picked":"Astrolabe"}],"items_purged_floors":[11,20,45],"is_endless":false,"potions_floor_spawned":[5,7,10,16,27,31,33,40,42,44,47],"ascension_level":20}