{"gold_per_floor":[119,119,119,135,149,177,191,28,97,112,112,125,125,159,159,234,234,244,260,260,160,174,174,94,114,114,114,4,39,59,88,88,165,165,175,191,13,24,42,42,42],"floor_reached":41,"playtime":3126,"items_purged":["Pain","Strike_R","Anger+1"],"score":890,"play_id":"49600a59-2791-4b21-b3cb-746ba9b3a0a9","local_time":"20190212134432","is_ascension_mode":true,"campfire_choices":[{"data":"Feel No Pain","floor":11,"key":"SMITH"},{"data":"Perfected Strike","floor":13,"key":"SMITH"},{"floor":15,"key":"REST"},{"data":"Burning Pact","floor":23,"key":"SMITH"},{"data":"Offering","floor":27,"key":"SMITH"},{"data":"Exhume","floor":32,"key":"SMITH"},{"floor":40,"key":"REST"}],"neow_cost":"NONE","seed_source_timestamp":161767688883598,"circlet_count":0,"master_deck":["AscendersBane","Strike_R","Strike_R","Defend_R+1","Defend_R","Defend_R","Defend_R","Bash+1","Sword Boomerang","Burning Pact+1","Shrug It Off","Pommel Strike","Perfected Strike+1","Feel No Pain+1","Offering+1","Iron Wave+1","Uppercut+1","Fiend Fire+1","Body Slam+1","Havoc+1","Rampage+1","Exhume+1","Dark Embrace","Disarm"],"relics":["Burning Blood","Strawberry","WarpedTongs","Unceasing Top","Molten Egg 2","Juzu Bracelet","Lizard Tail","FossilizedHelix","Bag of Marbles","Self Forming Clay","Snecko Eye"],"potions_floor_usage":[6,12,35,41,41],"damage_taken":[{"damage":9,"enemies":"Small Slimes","floor":1,"turns":5},{"damage":10,"enemies":"Jaw Worm","floor":4,"turns":4},{"damage":5,"enemies":"Cultist","floor":5,"turns":4},{"damage":36,"enemies":"3 Sentries","floor":6,"turns":12},{"damage":12,"enemies":"Red Slaver","floor":7,"turns":3},{"damage":7,"enemies":"3 Louse","floor":10,"turns":4},{"damage":1,"enemies":"Exordium Thugs","floor":12,"turns":5},{"damage":23,"enemies":"Lagavulin","floor":14,"turns":6},{"damage":27,"enemies":"The Guardian","floor":16,"turns":11},{"damage":8,"enemies":"3 Byrds","floor":18,"turns":6},{"damage":0,"enemies":"Chosen","floor":19,"turns":3},{"damage":6,"enemies":"Snecko","floor":22,"turns":2},{"damage":20,"enemies":"Chosen and Byrds","floor":25,"turns":5},{"damage":16,"enemies":"Slavers","floor":29,"turns":6},{"damage":0,"enemies":"Shelled Parasite and Fungi","floor":30,"turns":2},{"damage":12,"enemies":"Gremlin Leader","floor":31,"turns":3},{"damage":18,"enemies":"Champ","floor":33,"turns":5},{"damage":41,"enemies":"3 Darklings","floor":35,"turns":5},{"damage":0,"enemies":"3 Shapes","floor":36,"turns":7},{"damage":10,"enemies":"3 Darklings","floor":38,"turns":3},{"damage":17,"enemies":"Maw","floor":39,"turns":6},{"damage":154,"enemies":"Giant Head","floor":41,"turns":7}],"seed_played":"-7558987125610982565","potions_obtained":[{"floor":1,"key":"FearPotion"},{"floor":6,"key":"Block Potion"},{"floor":12,"key":"BloodPotion"},{"floor":18,"key":"SteroidPotion"},{"floor":19,"key":"Swift Potion"}],"is_trial":false,"path_per_floor":["M","?","?","M","M","E","M","$","T","M","R","M","R","E","R","B",null,"M","M","?","$","M","R","$","M","T","R","?","E","M","E","R","B",null,"M","M","$","M","M","R","E"],"character_chosen":"IRONCLAD","items_purchased":["Feel No Pain","Rampage+1","Swift Potion"],"campfire_rested":2,"item_purchase_floors":[8,24,37],"current_hp_per_floor":[72,72,72,68,69,39,33,33,33,32,32,37,37,20,44,23,67,65,71,71,71,71,71,71,57,57,57,57,47,53,47,47,35,70,35,41,41,37,26,50,0],"gold":42,"neow_bonus":"RANDOM_COMMON_RELIC","is_prod":false,"is_daily":false,"chose_seed":false,"campfire_upgraded":5,"win_rate":0,"timestamp":1550007872,"path_taken":["M","?","?","M","?","E","M","?","T","M","R","M","R","E","R","BOSS","M","M","?","?","M","R","$","M","T","R","?","E","M","E","R","BOSS","M","M","$","M","M","R","E"],"build_version":"2019-02-06","purchased_purges":3,"victory":false,"max_hp_per_floor":[82,82,82,82,82,82,82,82,82,82,82,82,82,82,82,82,82,82,82,82,82,82,82,82,82,82,82,82,82,82,82,82,82,82,82,82,82,82,82,82,82],"card_choices":[{"not_picked":["Cleave","Havoc"],"picked":"Sword Boomerang","floor":1},{"not_picked":["Warcry","Hemokinesis"],"picked":"Burning Pact","floor":4},{"not_picked":["Twin Strike","Seeing Red"],"picked":"Shrug It Off","floor":5},{"not_picked":["Thunderclap","Pummel"],"picked":"Pommel Strike","floor":6},{"not_picked":["Cleave","Fire Breathing"],"picked":"Perfected Strike","floor":7},{"not_picked":["Armaments","Searing Blow+1"],"picked":"Offering","floor":10},{"not_picked":["Wild Strike+1","Burning Pact"],"picked":"Iron Wave+1","floor":12},{"not_picked":["True Grit","Havoc"],"picked":"Uppercut+1","floor":14},{"not_picked":["Brutality","Dark Embrace"],"picked":"Fiend Fire+1","floor":16},{"not_picked":["Clash+1","Heavy Blade+1"],"picked":"Body Slam+1","floor":18},{"not_picked":["Flex","Sever Soul+1"],"picked":"Anger+1","floor":19},{"not_picked":["Armaments","Sword Boomerang+1"],"picked":"Havoc+1","floor":22},{"not_picked":["Sword Boomerang+1","Armaments","Thunderclap+1"],"picked":"SKIP","floor":25},{"not_picked":["Second Wind","Dual Wield"],"picked":"Exhume","floor":29},{"not_picked":["Fire Breathing","Flex","Uppercut+1"],"picked":"SKIP","floor":30},{"not_picked":["Warcry","Iron Wave+1","Cleave+1"],"picked":"SKIP","floor":31},{"not_picked":["Impervious","Bludgeon+1"],"picked":"Dark Embrace","floor":33},{"not_picked":["Sword Boomerang+1","Iron Wave+1","Shrug It Off"],"picked":"SKIP","floor":35},{"not_picked":["Thunderclap+1","Sever Soul+1"],"picked":"Disarm","floor":36},{"not_picked":["Twin Strike+1","Blood for Blood+1","Flex+1"],"picked":"SKIP","floor":38},{"not_picked":["Sword Boomerang+1","Seeing Red+1","Rampage+1"],"picked":"SKIP","floor":39}],"player_experience":4774877,"relics_obtained":[{"floor":6,"key":"Unceasing Top"},{"floor":9,"key":"Molten Egg 2"},{"floor":14,"key":"Juzu Bracelet"},{"floor":26,"key":"FossilizedHelix"},{"floor":29,"key":"Bag of Marbles"},{"floor":31,"key":"Self Forming Clay"}],"event_choices":[{"damage_healed":0,"gold_gain":0,"player_choice":"Grow","damage_taken":0,"max_hp_gain":0,"max_hp_loss":0,"event_name":"Living Wall","floor":2,"gold_loss":0,"cards_upgraded":["Bash"]},{"damage_healed":0,"gold_gain":0,"player_choice":"Rummage","damage_taken":0,"relics_obtained":["WarpedTongs"],"max_hp_gain":0,"max_hp_loss":0,"event_name":"Accursed Blacksmith","floor":3,"gold_loss":0,"cards_obtained":["Pain"]},{"cards_removed":["Strike_R"],"damage_healed":0,"gold_gain":0,"player_choice":"Purged","damage_taken":0,"max_hp_gain":0,"max_hp_loss":0,"event_name":"Purifier","floor":20,"gold_loss":0},{"cards_removed":["Strike_R"],"damage_healed":0,"gold_gain":0,"player_choice":"Upgrade and Remove","damage_taken":0,"max_hp_gain":0,"max_hp_loss":0,"event_name":"Designer","floor":28,"gold_loss":110,"cards_upgraded":["Defend_R"]}],"is_beta":true,"boss_relics":[{"not_picked":["Calling Bell","Runic Cube"],"picked":"Lizard Tail"},{"not_picked":["Velvet Choker","Busted Crown"],"picked":"Snecko Eye"}],"items_purged_floors":[8,21,37],"is_endless":false,"potions_floor_spawned":[1,6,12,18,19,31,33,38,39],"killed_by":"Giant Head","ascension_level":20}