{"gold_per_floor":[119,119,119,131,148,148,179,197,221,145,145,170,170,11,11,85,85,105,19,34,34,47,47,75,75,123,123,154,167,177,177,177,256,256,273,373,389,389,389,424,424,459,459,491,491,510,545,49,49,49,49,49,49,49,81,81],"floor_reached":57,"playtime":5552,"items_purged":["Strike_G"],"score":3153,"play_id":"8aec8bdc-fa0c-4911-812c-fcde8a3ab9fe","local_time":"20190217160851","is_ascension_mode":true,"campfire_choices":[{"data":"Neutralize","floor":6,"key":"SMITH"},{"data":"Footwork","floor":11,"key":"SMITH"},{"data":"Crippling Poison","floor":15,"key":"SMITH"},{"floor":23,"key":"REST"},{"data":"Noxious Fumes","floor":25,"key":"SMITH"},{"floor":27,"key":"REST"},{"data":"Well Laid Plans","floor":32,"key":"SMITH"},{"data":"Crippling Poison","floor":41,"key":"SMITH"},{"floor":45,"key":"RECALL"},{"data":"Malaise","floor":49,"key":"SMITH"},{"floor":53,"key":"REST"}],"neow_cost":"NONE","seed_source_timestamp":201363078588169,"circlet_count":0,"master_deck":["AscendersBane","Defend_G","Defend_G","Defend_G","Defend_G+1","Defend_G","Survivor","Neutralize+1","PiercingWail+1","Poisoned Stab","Poisoned Stab","Backflip","Well Laid Plans+1","Footwork+1","Crippling Poison+1","After Image","Noxious Fumes+1","PiercingWail+1","Quick Slash+1","Malaise+1","Dodge and Roll","Backflip+1","Footwork","Corpse Explosion","Caltrops+1","Footwork+1","A Thousand Cuts+1","Crippling Poison+1","PiercingWail+1","PiercingWail","Cloak And Dagger","Leg Sweep","Burst"],"relics":["Ring of the Snake","Snake Skull","War Paint","Orichalcum","Omamori","Cursed Key","Nilry\u0027s Codex","Bag of Preparation","Ornamental Fan","Astrolabe","StoneCalendar","Juzu Bracelet","Thread and Needle","Mercury Hourglass","Meat on the Bone","Chemical X","Bottled Lightning","Shuriken"],"potions_floor_usage":[7,16,16,24,24,35,40,47,55,56,56],"damage_taken":[{"damage":2,"enemies":"2 Louse","floor":1,"turns":4},{"damage":3,"enemies":"Small Slimes","floor":4,"turns":4},{"damage":0,"enemies":"Cultist","floor":5,"turns":3},{"damage":38,"enemies":"Gremlin Nob","floor":7,"turns":5},{"damage":4,"enemies":"Large Slime","floor":8,"turns":5},{"damage":0,"enemies":"Lagavulin","floor":12,"turns":7},{"damage":20,"enemies":"Slime Boss","floor":16,"turns":9},{"damage":0,"enemies":"Chosen","floor":18,"turns":6},{"damage":0,"enemies":"3 Byrds","floor":20,"turns":5},{"damage":0,"enemies":"Snecko","floor":22,"turns":6},{"damage":12,"enemies":"Slavers","floor":24,"turns":4},{"damage":8,"enemies":"Book of Stabbing","floor":28,"turns":7},{"damage":0,"enemies":"Snake Plant","floor":29,"turns":4},{"damage":7,"enemies":"Shelled Parasite and Fungi","floor":30,"turns":5},{"damage":0,"enemies":"Automaton","floor":33,"turns":9},{"damage":11,"enemies":"3 Darklings","floor":35,"turns":6},{"damage":12,"enemies":"Mind Bloom Boss Battle","floor":36,"turns":8},{"damage":8,"enemies":"Orb Walker","floor":37,"turns":7},{"damage":0,"enemies":"Reptomancer","floor":40,"turns":6},{"damage":0,"enemies":"Nemesis","floor":42,"turns":11},{"damage":0,"enemies":"Giant Head","floor":44,"turns":10},{"damage":2,"enemies":"Jaw Worm Horde","floor":46,"turns":3},{"damage":14,"enemies":"Reptomancer","floor":47,"turns":9},{"damage":3,"enemies":"Time Eater","floor":50,"turns":16},{"damage":27,"enemies":"Awakened One","floor":51,"turns":19},{"damage":0,"enemies":"Shield and Spear","floor":55,"turns":7},{"damage":44,"enemies":"The Heart","floor":56,"turns":12}],"seed_played":"-4618869679007284060","potions_obtained":[{"floor":4,"key":"Regen Potion"},{"floor":5,"key":"Explosive Potion"},{"floor":8,"key":"GamblersBrew"},{"floor":12,"key":"Strength Potion"},{"floor":20,"key":"Energy Potion"},{"floor":22,"key":"Poison Potion"},{"floor":29,"key":"EssenceOfSteel"},{"floor":30,"key":"PowerPotion"},{"floor":36,"key":"SpeedPotion"},{"floor":40,"key":"SteroidPotion"},{"floor":47,"key":"Weak Potion"},{"floor":55,"key":"Strength Potion"}],"is_trial":false,"path_per_floor":["M","?","?","M","M","R","E","M","T","$","R","E","?","$","R","B",null,"M","$","M","?","M","R","E","R","T","R","E","M","M","?","R","B",null,"M","?","M","?","?","E","R","E","T","E","R","M","E","$","R","B","B",null,"R","$","E","B",null],"character_chosen":"THE_SILENT","items_purchased":["Footwork","Crippling Poison","Noxious Fumes","Chemical X","Bottled Lightning"],"campfire_rested":3,"item_purchase_floors":[10,14,19,48,48],"current_hp_per_floor":[57,57,57,54,54,54,31,27,27,27,27,27,27,27,27,7,51,51,51,51,30,30,49,37,37,37,56,48,48,41,41,41,41,60,49,37,29,29,42,42,42,42,42,42,42,40,26,26,26,35,20,55,66,66,66,34],"gold":81,"neow_bonus":"RANDOM_COMMON_RELIC","is_prod":false,"is_daily":false,"chose_seed":false,"campfire_upgraded":7,"win_rate":0,"timestamp":1550448531,"path_taken":["M","?","?","M","M","R","E","?","T","$","R","E","?","$","R","BOSS","M","?","M","?","M","R","E","R","T","R","E","M","M","?","R","BOSS","M","?","M","?","?","E","R","E","T","E","R","M","E","$","R","BOSS","BOSS","R","$","E","BOSS"],"build_version":"2019-02-06","purchased_purges":1,"victory":true,"max_hp_per_floor":[66,66,66,66,66,66,66,66,66,66,66,66,66,66,66,66,66,66,66,66,66,66,66,66,66,66,66,66,66,66,66,66,66,66,66,66,66,66,66,66,66,66,66,66,66,66,66,66,66,66,66,66,66,66,66,66],"card_choices":[{"not_picked":["Flying Knee","Deflect"],"picked":"PiercingWail","floor":1},{"not_picked":["Masterful Stab","Slice"],"picked":"Poisoned Stab","floor":4},{"not_picked":["Heel Hook","Prepared"],"picked":"Backflip","floor":5},{"not_picked":["Flying Knee","Riddle With Holes"],"picked":"Unload","floor":7},{"not_picked":["Deadly Poison","Choke"],"picked":"Well Laid Plans","floor":8},{"not_picked":["Acrobatics","Prepared"],"picked":"Dagger Spray","floor":12},{"not_picked":["A Thousand Cuts","Unload"],"picked":"After Image","floor":16},{"not_picked":["Expertise","Riddle With Holes","Poisoned Stab"],"picked":"SKIP","floor":18},{"not_picked":["Heel Hook","Prepared"],"picked":"PiercingWail+1","floor":20},{"not_picked":["Heel Hook","Caltrops"],"picked":"Quick Slash+1","floor":22},{"not_picked":["Endless Agony","Backflip"],"picked":"Malaise","floor":24},{"not_picked":["Bane","Finisher","Dagger Throw"],"picked":"SKIP","floor":28},{"not_picked":["Underhanded Strike","Deflect+1"],"picked":"Dodge and Roll","floor":29},{"not_picked":["Concentrate","Acrobatics"],"picked":"Backflip+1","floor":30},{"not_picked":["Bullet Time","Storm of Steel"],"picked":"Corpse Explosion","floor":33},{"not_picked":["Predator","Poisoned Stab"],"picked":"Crippling Poison","floor":35},{"not_picked":["Slice","Setup+1"],"picked":"PiercingWail+1","floor":36},{"not_picked":["Finisher","Terror+1"],"picked":"PiercingWail","floor":37},{"not_picked":["Underhanded Strike","Reflex+1"],"picked":"Cloak And Dagger","floor":40},{"not_picked":["Prepared","Caltrops","Blade Dance+1"],"picked":"SKIP","floor":42},{"not_picked":["Bane","Die Die Die","Infinite Blades"],"picked":"SKIP","floor":44},{"not_picked":["Dagger Spray","Cloak And Dagger","Slice"],"picked":"SKIP","floor":46},{"not_picked":["Deadly Poison+1","Slice"],"picked":"Leg Sweep","floor":47},{"not_picked":["Leg Sweep","PiercingWail"],"picked":"Burst","floor":55}],"player_experience":4855871,"relics_obtained":[{"floor":7,"key":"War Paint"},{"floor":9,"key":"Orichalcum"},{"floor":12,"key":"Omamori"},{"floor":21,"key":"Nilry\u0027s Codex"},{"floor":24,"key":"Bag of Preparation"},{"floor":28,"key":"Ornamental Fan"},{"floor":36,"key":"StoneCalendar"},{"floor":40,"key":"Juzu Bracelet"},{"floor":42,"key":"Thread and Needle"},{"floor":44,"key":"Mercury Hourglass"},{"floor":47,"key":"Meat on the Bone"},{"floor":55,"key":"Shuriken"}],"event_choices":[{"damage_healed":0,"gold_gain":0,"player_choice":"Ignored","damage_taken":0,"max_hp_gain":0,"max_hp_loss":0,"event_name":"Liars Game","floor":2,"gold_loss":0},{"damage_healed":0,"gold_gain":0,"cards_transformed":["Strike_G"],"player_choice":"Transformed","damage_taken":0,"max_hp_gain":0,"max_hp_loss":0,"event_name":"Transmorgrifier","floor":3,"gold_loss":0,"cards_obtained":["Poisoned Stab"]},{"cards_removed":["Strike_G"],"damage_healed":0,"gold_gain":0,"player_choice":"Purged","damage_taken":0,"max_hp_gain":0,"max_hp_loss":0,"event_name":"Purifier","floor":13,"gold_loss":0},{"damage_healed":0,"gold_gain":0,"player_choice":"Obtained Book","damage_taken":21,"max_hp_gain":0,"max_hp_loss":0,"event_name":"Cursed Tome","floor":21,"gold_loss":0},{"damage_healed":0,"gold_gain":0,"player_choice":"Read","damage_taken":0,"max_hp_gain":0,"max_hp_loss":0,"event_name":"The Library","floor":31,"gold_loss":0,"cards_obtained":["Footwork"]},{"damage_healed":0,"gold_gain":0,"player_choice":"Fight","damage_taken":0,"max_hp_gain":0,"max_hp_loss":0,"event_name":"MindBloom","floor":36,"gold_loss":0},{"cards_removed":["Unload"],"damage_healed":0,"gold_gain":0,"player_choice":"Removed Attack","damage_taken":0,"max_hp_gain":0,"max_hp_loss":0,"event_name":"Falling","floor":38,"gold_loss":0},{"damage_healed":13,"gold_gain":0,"player_choice":"Writhe","damage_taken":0,"max_hp_gain":0,"max_hp_loss":0,"event_name":"Winding Halls","floor":39,"gold_loss":0,"cards_obtained":["Writhe"]}],"is_beta":true,"boss_relics":[{"not_picked":["Philosopher\u0027s Stone","Runic Pyramid"],"picked":"Cursed Key"},{"not_picked":["Fusion Hammer","Runic Dome"],"picked":"Astrolabe"}],"items_purged_floors":[14],"is_endless":false,"potions_floor_spawned":[4,5,8,12,20,22,29,30,33,36,40,47,55],"ascension_level":20}