{"gold_per_floor":[212,212,233,83,133,133,154,154,154,197,220,258,258,273,273,371,371,389,132,132,147,170,213,213,213,213,252,252,273,307,16,16,112,112,126,142,142,142,65,65,100,100,100,113,446,446],"floor_reached":46,"playtime":2534,"items_purged":["Strike_R","Strike_R"],"score":1353,"play_id":"2ab4fbc7-5596-4120-9bb0-d4801aa9e92b","local_time":"20190214173517","is_ascension_mode":true,"campfire_choices":[{"data":"Bash","floor":6,"key":"SMITH"},{"data":"Combust","floor":8,"key":"SMITH"},{"data":"Anger","floor":13,"key":"SMITH"},{"data":"Inflame","floor":15,"key":"SMITH"},{"data":"Immolate","floor":24,"key":"SMITH"},{"floor":25,"key":"REST"},{"floor":28,"key":"REST"},{"data":"Disarm","floor":32,"key":"SMITH"},{"data":"Limit Break","floor":40,"key":"SMITH"},{"data":"Spot Weakness","floor":42,"key":"SMITH"}],"neow_cost":"NONE","seed_source_timestamp":24602168717870,"circlet_count":0,"master_deck":["AscendersBane","Strike_R","Strike_R","Strike_R","Defend_R","Defend_R","Defend_R","Defend_R","Bash+1","Battle Trance","Anger+1","Combust+1","Offering","Spot Weakness+1","Inflame+1","Immolate+1","Havoc+1","Offering","Sword Boomerang","Pommel Strike+1","Sentinel+1","Corruption","Disarm+1","Metallicize","Limit Break+1","True Grit+1","Headbutt","Disarm","Shrug It Off","Headbutt"],"relics":["Burning Blood","Bronze Scales","Bag of Preparation","Omamori","Sozu","Anchor","WingedGreaves","Centennial Puzzle","Lee\u0027s Waffle","Runic Cube","WarpedTongs","Juzu Bracelet","Bottled Lightning"],"potions_floor_usage":[10,12,33],"damage_taken":[{"damage":13,"enemies":"2 Louse","floor":1,"turns":5},{"damage":1,"enemies":"Cultist","floor":3,"turns":3},{"damage":2,"enemies":"Small Slimes","floor":7,"turns":4},{"damage":17,"enemies":"Lagavulin","floor":10,"turns":6},{"damage":7,"enemies":"2 Fungi Beasts","floor":11,"turns":2},{"damage":6,"enemies":"Gremlin Nob","floor":12,"turns":2},{"damage":7,"enemies":"Looter","floor":14,"turns":2},{"damage":10,"enemies":"Slime Boss","floor":16,"turns":5},{"damage":12,"enemies":"2 Thieves","floor":18,"turns":2},{"damage":12,"enemies":"Spheric Guardian","floor":21,"turns":1},{"damage":27,"enemies":"Cultist and Chosen","floor":22,"turns":4},{"damage":12,"enemies":"Book of Stabbing","floor":23,"turns":2},{"damage":21,"enemies":"Slavers","floor":27,"turns":2},{"damage":10,"enemies":"Snake Plant","floor":29,"turns":3},{"damage":0,"enemies":"Gremlin Leader","floor":30,"turns":4},{"damage":39,"enemies":"Champ","floor":33,"turns":9},{"damage":12,"enemies":"Orb Walker","floor":35,"turns":2},{"damage":5,"enemies":"3 Shapes","floor":36,"turns":8},{"damage":12,"enemies":"Nemesis","floor":41,"turns":5},{"damage":10,"enemies":"Transient","floor":44,"turns":6},{"damage":57,"enemies":"Reptomancer","floor":46,"turns":5}],"seed_played":"-6408762065467022997","potions_obtained":[{"floor":1,"key":"EssenceOfSteel"},{"floor":3,"key":"AttackPotion"},{"floor":11,"key":"SteroidPotion"},{"floor":14,"key":"Dexterity Potion"}],"is_trial":false,"path_per_floor":["M","?","M","$","?","R","M","R","T","E","M","E","R","M","R","B",null,"M","$","?","M","M","E","R","R","T","E","R","M","E","$","R","B",null,"M","M","?","$","$","R","E","R","T","M","?","E"],"character_chosen":"IRONCLAD","items_purchased":["Combust","Anchor","Metallicize","Lee\u0027s Waffle","Disarm"],"campfire_rested":2,"item_purchase_floors":[4,19,31,31,39],"current_hp_per_floor":[61,61,66,66,60,60,64,64,64,53,52,52,52,51,51,47,63,57,57,57,51,30,24,24,44,44,29,49,45,51,75,75,42,67,61,62,62,62,62,62,56,56,56,52,52,0],"gold":446,"neow_bonus":"HUNDRED_GOLD","is_prod":false,"is_daily":false,"chose_seed":false,"campfire_upgraded":8,"win_rate":0,"timestamp":1550194517,"path_taken":["M","?","M","$","?","R","?","R","T","E","M","E","R","M","R","BOSS","M","$","?","?","M","E","R","R","T","E","R","M","E","$","R","BOSS","M","?","?","?","$","R","E","R","T","M","?","E"],"build_version":"2019-02-06","purchased_purges":2,"victory":false,"max_hp_per_floor":[75,68,68,68,68,68,68,68,68,68,68,68,68,68,68,68,68,68,68,68,68,68,68,68,68,68,68,68,68,68,75,75,75,75,75,75,75,75,75,75,75,75,75,75,75,75],"card_choices":[{"not_picked":["Blood for Blood","Thunderclap"],"picked":"Battle Trance","floor":1},{"not_picked":["Carnage","Whirlwind"],"picked":"Anger","floor":3},{"not_picked":["Warcry","Body Slam","Sword Boomerang"],"picked":"SKIP","floor":7},{"not_picked":["Perfected Strike","Burning Pact"],"picked":"Offering","floor":10},{"not_picked":["Dropkick","Entrench"],"picked":"Spot Weakness","floor":11},{"not_picked":["Cleave","Body Slam","Anger"],"picked":"SKIP","floor":12},{"not_picked":["Thunderclap","Sword Boomerang"],"picked":"Inflame","floor":14},{"not_picked":["Double Tap","Offering"],"picked":"Immolate","floor":16},{"not_picked":["Wild Strike","Anger+1"],"picked":"Havoc+1","floor":18},{"not_picked":["Whirlwind","Cleave","Evolve"],"picked":"SKIP","floor":21},{"not_picked":["Anger","Heavy Blade"],"picked":"Sword Boomerang","floor":22},{"not_picked":["Carnage","Ghostly Armor"],"picked":"Pommel Strike+1","floor":23},{"not_picked":["Headbutt","Fiend Fire"],"picked":"Sentinel+1","floor":27},{"not_picked":["Warcry","Clothesline"],"picked":"Corruption","floor":29},{"not_picked":["Clash","Perfected Strike"],"picked":"Disarm","floor":30},{"not_picked":["Immolate","Bludgeon"],"picked":"Limit Break","floor":33},{"not_picked":["Heavy Blade","Bloodletting+1"],"picked":"True Grit+1","floor":35},{"not_picked":["Thunderclap","True Grit"],"picked":"Headbutt","floor":36},{"not_picked":["Bludgeon","Intimidate"],"picked":"Shrug It Off","floor":41},{"not_picked":["Infernal Blade","Sentinel"],"picked":"Headbutt","floor":44}],"player_experience":4817805,"relics_obtained":[{"floor":9,"key":"Bronze Scales"},{"floor":10,"key":"Bag of Preparation"},{"floor":12,"key":"Omamori"},{"floor":23,"key":"WingedGreaves"},{"floor":27,"key":"Centennial Puzzle"},{"floor":41,"key":"Juzu Bracelet"},{"floor":43,"key":"Bottled Lightning"}],"event_choices":[{"damage_healed":0,"gold_gain":0,"player_choice":"Lose Max HP","damage_taken":0,"relics_obtained":["Golden Idol"],"max_hp_gain":0,"max_hp_loss":7,"event_name":"Golden Idol","floor":2,"gold_loss":0},{"damage_healed":0,"gold_gain":50,"player_choice":"Touch","damage_taken":6,"max_hp_gain":0,"max_hp_loss":0,"event_name":"FaceTrader","floor":5,"gold_loss":0},{"damage_healed":0,"gold_gain":0,"player_choice":"Copied","damage_taken":0,"max_hp_gain":0,"max_hp_loss":0,"event_name":"Duplicator","floor":20,"gold_loss":0,"cards_obtained":["Offering"]},{"damage_healed":0,"gold_gain":0,"player_choice":"Rummage","damage_taken":0,"relics_obtained":["WarpedTongs"],"max_hp_gain":0,"max_hp_loss":0,"event_name":"Accursed Blacksmith","floor":37,"gold_loss":0,"cards_obtained":["Pain"]},{"damage_healed":0,"gold_gain":333,"player_choice":"Gave Idol","damage_taken":0,"max_hp_gain":0,"max_hp_loss":0,"event_name":"The Moai Head","floor":45,"relics_lost":["Golden Idol"],"gold_loss":0}],"is_beta":true,"boss_relics":[{"not_picked":["Tiny House","Runic Dome"],"picked":"Sozu"},{"not_picked":["Mark of Pain","Black Blood"],"picked":"Runic Cube"}],"items_purged_floors":[4,19],"is_endless":false,"potions_floor_spawned":[1,3,11,14,22,23,27,29,36,44],"killed_by":"Reptomancer","ascension_level":20}