{"gold_per_floor":[109,124,124,124,124,124,149,159,186,186,216,141,153,167,167,241,241,241,241,241,191,191,191,191,191,191,191,191,191,191,191,191,191,191,191,191,191,191,191,191,191,191,191,191,191,191,191,191,191,191,191,191,191,18,18,18],"floor_reached":57,"playtime":5357,"items_purged":["Strike_R"],"score":2832,"play_id":"552a77d4-3a35-4062-a9b5-49ed05f0f22b","local_time":"20190223150041","is_ascension_mode":true,"campfire_choices":[{"data":"Immolate","floor":6,"key":"SMITH"},{"data":"Clothesline","floor":10,"key":"SMITH"},{"data":"True Grit","floor":15,"key":"SMITH"},{"floor":24,"key":"REST"},{"data":"Bludgeon","floor":29,"key":"SMITH"},{"data":"Burning Pact","floor":32,"key":"SMITH"},{"data":"Demon Form","floor":41,"key":"SMITH"},{"floor":49,"key":"RECALL"},{"data":"Uppercut","floor":53,"key":"SMITH"}],"neow_cost":"NONE","seed_source_timestamp":204839160467941,"circlet_count":0,"master_deck":["AscendersBane","Strike_R","Strike_R","Strike_R","Strike_R","Defend_R","Defend_R","Defend_R","Defend_R","Bash+1","True Grit+1","Anger","Immolate+1","Clothesline+1","True Grit","Bludgeon+1","Warcry+1","Havoc","Feed","Power Through","Burning Pact+1","Reaper","Reaper","Demon Form+1","Shrug It Off","Flame Barrier","Feel No Pain+1","Uppercut+1","Spot Weakness"],"relics":["Burning Blood","Bag of Preparation","Red Skull","Pen Nib","Pear","Ectoplasm","Red Mask","Omamori","Gremlin Horn","Pantograph","Snecko Eye","Oddly Smooth Stone","PreservedInsect","Juzu Bracelet","Letter Opener","Orichalcum","Boot"],"potions_floor_usage":[23,33,33,56,56],"damage_taken":[{"damage":11,"enemies":"Jaw Worm","floor":1,"turns":5},{"damage":4,"enemies":"2 Louse","floor":2,"turns":4},{"damage":35,"enemies":"Lagavulin","floor":7,"turns":6},{"damage":8,"enemies":"Small Slimes","floor":8,"turns":2},{"damage":6,"enemies":"Gremlin Nob","floor":11,"turns":3},{"damage":0,"enemies":"Exordium Thugs","floor":13,"turns":3},{"damage":14,"enemies":"3 Louse","floor":14,"turns":2},{"damage":19,"enemies":"Hexaghost","floor":16,"turns":6},{"damage":0,"enemies":"Chosen","floor":18,"turns":3},{"damage":0,"enemies":"Spheric Guardian","floor":19,"turns":2},{"damage":15,"enemies":"Masked Bandits","floor":20,"turns":3},{"damage":18,"enemies":"Snake Plant","floor":22,"turns":3},{"damage":33,"enemies":"Book of Stabbing","floor":23,"turns":5},{"damage":12,"enemies":"Gremlin Leader","floor":25,"turns":5},{"damage":14,"enemies":"Book of Stabbing","floor":27,"turns":3},{"damage":3,"enemies":"Centurion and Healer","floor":28,"turns":4},{"damage":22,"enemies":"Cultist and Chosen","floor":30,"turns":6},{"damage":0,"enemies":"Shelled Parasite and Fungi","floor":31,"turns":1},{"damage":29,"enemies":"Collector","floor":33,"turns":5},{"damage":0,"enemies":"Orb Walker","floor":35,"turns":2},{"damage":12,"enemies":"3 Shapes","floor":37,"turns":3},{"damage":15,"enemies":"Writhing Mass","floor":38,"turns":4},{"damage":34,"enemies":"Nemesis","floor":40,"turns":5},{"damage":28,"enemies":"Reptomancer","floor":42,"turns":5},{"damage":1,"enemies":"Transient","floor":44,"turns":6},{"damage":11,"enemies":"4 Shapes","floor":45,"turns":4},{"damage":2,"enemies":"Writhing Mass","floor":46,"turns":6},{"damage":3,"enemies":"Jaw Worm Horde","floor":47,"turns":3},{"damage":38,"enemies":"Nemesis","floor":48,"turns":9},{"damage":113,"enemies":"Time Eater","floor":50,"turns":13},{"damage":78,"enemies":"Donu and Deca","floor":51,"turns":10},{"damage":75,"enemies":"Shield and Spear","floor":55,"turns":7},{"damage":143,"enemies":"The Heart","floor":56,"turns":9}],"seed_played":"409056254427056358","potions_obtained":[{"floor":2,"key":"Block Potion"},{"floor":7,"key":"Fire Potion"},{"floor":19,"key":"Swift Potion"},{"floor":27,"key":"Weak Potion"},{"floor":30,"key":"Strength Potion"},{"floor":40,"key":"Ancient Potion"},{"floor":44,"key":"AttackPotion"},{"floor":45,"key":"Dexterity Potion"}],"is_trial":false,"path_per_floor":["M","M","?","?","?","R","E","M","T","R","E","$","M","M","R","B",null,"M","M","?","?","M","E","R","E","T","E","M","R","M","M","R","B",null,"M","$","M","M","?","E","R","E","T","M","M","M","M","E","R","B","B",null,"R","$","E","B",null],"character_chosen":"IRONCLAD","items_purchased":["Orichalcum"],"campfire_rested":1,"item_purchase_floors":[54],"current_hp_per_floor":[63,65,65,65,65,65,36,34,34,34,44,44,50,42,42,29,71,77,83,74,74,62,35,60,57,57,49,55,55,42,51,51,53,86,100,100,97,88,88,66,66,78,78,106,109,112,115,106,106,102,97,115,115,115,74,20],"gold":18,"neow_bonus":"RANDOM_COMMON_RELIC","is_prod":false,"is_daily":false,"chose_seed":false,"campfire_upgraded":7,"win_rate":0,"timestamp":1550962841,"path_taken":["M","M","?","?","?","R","E","?","T","R","E","?","M","M","R","BOSS","M","M","?","?","M","E","R","E","T","E","M","R","M","M","R","BOSS","M","$","?","M","?","E","R","E","T","M","M","M","M","E","R","BOSS","BOSS","R","$","E","BOSS"],"build_version":"2019-02-06","purchased_purges":1,"victory":true,"max_hp_per_floor":[75,75,75,75,75,75,75,75,75,75,85,85,85,85,85,85,85,85,85,85,85,85,85,85,88,88,88,91,91,94,97,97,97,97,100,100,103,103,103,103,103,106,106,106,109,112,115,118,118,118,121,121,121,121,121,121],"card_choices":[{"not_picked":["Shockwave","Burning Pact"],"picked":"True Grit","floor":1},{"not_picked":["Pummel","Cleave"],"picked":"Anger","floor":2},{"not_picked":["Clash","Rampage"],"picked":"Clothesline","floor":7},{"not_picked":["Entrench","Wild Strike","Exhume"],"picked":"SKIP","floor":8},{"not_picked":["Clothesline","Body Slam","Thunderclap"],"picked":"SKIP","floor":11},{"not_picked":["Sword Boomerang","Heavy Blade","Body Slam"],"picked":"SKIP","floor":13},{"not_picked":["Anger","Wild Strike"],"picked":"True Grit","floor":14},{"not_picked":["Berserk","Exhume"],"picked":"Bludgeon","floor":16},{"not_picked":["Heavy Blade","Armaments","Clothesline"],"picked":"SKIP","floor":18},{"not_picked":["Headbutt","Rupture"],"picked":"Warcry+1","floor":19},{"not_picked":["Shrug It Off","Sever Soul"],"picked":"Havoc","floor":22},{"not_picked":["Flex+1","Dropkick"],"picked":"Feed","floor":23},{"not_picked":["Anger","Heavy Blade","Combust"],"picked":"SKIP","floor":25},{"not_picked":["Wild Strike","True Grit"],"picked":"Power Through","floor":27},{"not_picked":["Seeing Red","Warcry","Iron Wave"],"picked":"SKIP","floor":28},{"not_picked":["Carnage","Clothesline","Clash"],"picked":"SKIP","floor":30},{"not_picked":["Clash+1","Iron Wave"],"picked":"Burning Pact","floor":31},{"not_picked":["Bludgeon","Impervious"],"picked":"Reaper","floor":33},{"not_picked":["Metallicize","Sword Boomerang","Clash"],"picked":"SKIP","floor":35},{"not_picked":["Cleave","Battle Trance+1","Pommel Strike"],"picked":"SKIP","floor":37},{"not_picked":["Clothesline","Carnage"],"picked":"Reaper","floor":38},{"not_picked":["Body Slam","Battle Trance","Dropkick"],"picked":"SKIP","floor":40},{"not_picked":["Iron Wave","Metallicize","Cleave"],"picked":"SKIP","floor":42},{"not_picked":["Combust","Rupture"],"picked":"Shrug It Off","floor":44},{"not_picked":["Armaments","Havoc+1"],"picked":"Flame Barrier","floor":45},{"not_picked":["True Grit","Twin Strike","Hemokinesis"],"picked":"SKIP","floor":46},{"not_picked":["Wild Strike","Pummel+1"],"picked":"Feel No Pain+1","floor":47},{"not_picked":["Rage+1","Seeing Red"],"picked":"Uppercut","floor":48},{"not_picked":["Armaments+1","Havoc"],"picked":"Spot Weakness","floor":55}],"player_experience":4914476,"relics_obtained":[{"floor":7,"key":"Red Skull"},{"floor":9,"key":"Pen Nib"},{"floor":11,"key":"Pear"},{"floor":20,"key":"Red Mask"},{"floor":23,"key":"Omamori"},{"floor":25,"key":"Gremlin Horn"},{"floor":27,"key":"Pantograph"},{"floor":40,"key":"Oddly Smooth Stone"},{"floor":42,"key":"PreservedInsect"},{"floor":43,"key":"Juzu Bracelet"},{"floor":48,"key":"Letter Opener"},{"floor":55,"key":"Boot"}],"event_choices":[{"damage_healed":0,"gold_gain":0,"player_choice":"Ignored","damage_taken":0,"max_hp_gain":0,"max_hp_loss":0,"event_name":"Liars Game","floor":3,"gold_loss":0},{"damage_healed":0,"gold_gain":0,"player_choice":"Grow","damage_taken":0,"max_hp_gain":0,"max_hp_loss":0,"event_name":"Living Wall","floor":4,"gold_loss":0,"cards_upgraded":["Bash"]},{"damage_healed":0,"gold_gain":0,"player_choice":"1 cards matched","damage_taken":0,"max_hp_gain":0,"max_hp_loss":0,"event_name":"Match and Keep!","floor":5,"gold_loss":0,"cards_obtained":["Immolate"]},{"damage_healed":0,"gold_gain":0,"player_choice":"Fought Bandits","damage_taken":0,"max_hp_gain":0,"max_hp_loss":0,"event_name":"Masked Bandits","floor":20,"gold_loss":0},{"damage_healed":0,"gold_gain":0,"player_choice":"Bet on Murderer","damage_taken":0,"max_hp_gain":0,"max_hp_loss":0,"event_name":"The Joust","floor":21,"gold_loss":50},{"damage_healed":0,"gold_gain":0,"player_choice":"1 cards matched","damage_taken":0,"max_hp_gain":0,"max_hp_loss":0,"event_name":"Match and Keep!","floor":39,"gold_loss":0,"cards_obtained":["Demon Form"]}],"is_beta":true,"boss_relics":[{"not_picked":["Busted Crown","Eternal Feather"],"picked":"Ectoplasm"},{"not_picked":["Runic Cube","Pandora\u0027s Box"],"picked":"Snecko Eye"}],"items_purged_floors":[12],"is_endless":false,"potions_floor_spawned":[2,7,8,14,19,22,27,30,31,40,44,45,47],"ascension_level":20}