{"gold_per_floor":[117,136,61,136,151,151,185,197,197,214,22,22,22,22,22,97,97,110,35,35,60,71,71,103,118,170,181,39,50,50,60,60,139,139,159,178,192,202,17,17,17,17],"floor_reached":42,"playtime":4313,"items_purged":["Strike_B","Strike_B"],"score":990,"play_id":"8b315ab3-dbce-48ab-8875-1eae8c5b54ea","local_time":"20190222174722","is_ascension_mode":true,"campfire_choices":[{"data":"Defragment","floor":6,"key":"SMITH"},{"data":"Buffer","floor":12,"key":"SMITH"},{"data":"Loop","floor":15,"key":"SMITH"},{"floor":23,"key":"REST"},{"floor":30,"key":"REST"},{"floor":32,"key":"REST"},{"floor":40,"key":"REST"}],"neow_cost":"NONE","seed_source_timestamp":129585841910007,"circlet_count":0,"master_deck":["AscendersBane","Defend_B","Defend_B","Defend_B","Defend_B","Zap","Dualcast","Defragment+1","Ball Lightning","Darkness","Buffer+1","Coolheaded","Loop+1","Leap","Static Discharge","Fission","Conserve Battery+1","RitualDagger","Hologram","Compile Driver","Creative AI","Lockon+1","Hologram","Loop","Hologram","Seek","Genetic Algorithm+1","Storm","Storm+1","Recycle","Panacea","Consume","Blind"],"relics":["Cracked Core","NeowsBlessing","Letter Opener","Gambling Chip","Lantern","Philosopher\u0027s Stone","Red Mask","Ginger","Runic Pyramid"],"potions_floor_usage":[7,21,24,24,33],"damage_taken":[{"damage":0,"enemies":"Jaw Worm","floor":1,"turns":1},{"damage":0,"enemies":"2 Louse","floor":2,"turns":1},{"damage":0,"enemies":"Cultist","floor":5,"turns":1},{"damage":15,"enemies":"Lagavulin","floor":7,"turns":5},{"damage":13,"enemies":"2 Fungi Beasts","floor":8,"turns":3},{"damage":4,"enemies":"Looter","floor":10,"turns":3},{"damage":0,"enemies":"Slime Boss","floor":16,"turns":6},{"damage":19,"enemies":"2 Thieves","floor":18,"turns":4},{"damage":10,"enemies":"Masked Bandits","floor":21,"turns":3},{"damage":6,"enemies":"3 Byrds","floor":22,"turns":8},{"damage":0,"enemies":"Slavers","floor":24,"turns":6},{"damage":0,"enemies":"Centurion and Healer","floor":25,"turns":6},{"damage":5,"enemies":"Snecko","floor":27,"turns":6},{"damage":10,"enemies":"Sentry and Sphere","floor":29,"turns":4},{"damage":10,"enemies":"Snake Plant","floor":31,"turns":8},{"damage":49,"enemies":"Collector","floor":33,"turns":10},{"damage":4,"enemies":"3 Shapes","floor":35,"turns":4},{"damage":0,"enemies":"Orb Walker","floor":36,"turns":4},{"damage":13,"enemies":"Writhing Mass","floor":37,"turns":5},{"damage":15,"enemies":"Jaw Worm Horde","floor":38,"turns":4},{"damage":35,"enemies":"Reptomancer","floor":42,"turns":3}],"seed_played":"6071224958257268556","potions_obtained":[{"floor":2,"key":"Poison Potion"},{"floor":10,"key":"Strength Potion"},{"floor":18,"key":"Fire Potion"},{"floor":22,"key":"AttackPotion"},{"floor":27,"key":"Energy Potion"},{"floor":37,"key":"SteroidPotion"},{"floor":38,"key":"LiquidBronze"}],"is_trial":false,"path_per_floor":["M","M","$","?","M","R","E","M","T","M","$","R","?","?","R","B",null,"M","?","?","?","M","R","E","M","T","M","$","M","R","M","R","B",null,"M","M","M","M","$","R","?","E"],"character_chosen":"DEFECT","items_purchased":["Lantern","Leap","Loop","Panacea","Consume"],"campfire_rested":4,"item_purchase_floors":[11,11,28,39,39],"current_hp_per_floor":[64,64,64,53,53,53,38,25,25,21,21,21,10,10,10,10,56,37,37,31,21,15,36,36,36,36,31,31,21,42,32,53,4,54,50,50,37,22,22,43,33,0],"gold":17,"neow_bonus":"THREE_ENEMY_KILL","is_prod":false,"is_daily":false,"chose_seed":false,"campfire_upgraded":3,"win_rate":0,"timestamp":1550886442,"path_taken":["M","M","$","?","M","R","E","M","T","M","$","R","?","?","R","BOSS","M","?","?","?","M","R","E","M","T","M","$","M","R","M","R","BOSS","M","M","M","M","$","R","?","E"],"build_version":"2019-02-06","purchased_purges":2,"victory":false,"max_hp_per_floor":[71,71,71,71,71,71,71,71,71,71,71,71,71,71,71,71,71,71,71,71,71,71,71,71,71,71,71,71,71,71,71,71,71,71,71,71,71,71,71,71,71,71],"card_choices":[{"not_picked":["Go for the Eyes","Stack"],"picked":"Defragment","floor":1},{"not_picked":["Compile Driver","Sunder"],"picked":"Ball Lightning","floor":2},{"not_picked":["Rebound","Reprogram"],"picked":"Darkness","floor":5},{"not_picked":["Lockon","Undo"],"picked":"Buffer","floor":7},{"not_picked":["Lockon","Recycle"],"picked":"Coolheaded","floor":8},{"not_picked":["Compile Driver","Steam"],"picked":"Loop","floor":10},{"not_picked":["Hyperbeam","Buffer"],"picked":"Fission","floor":16},{"not_picked":["Steam","Cold Snap"],"picked":"Conserve Battery+1","floor":18},{"not_picked":["White Noise","Stack"],"picked":"Hologram","floor":21},{"not_picked":["Ball Lightning","Steam"],"picked":"Compile Driver","floor":22},{"not_picked":["Stack","Buffer"],"picked":"Creative AI","floor":24},{"not_picked":["Barrage","Gash"],"picked":"Lockon+1","floor":25},{"not_picked":["Beam Cell+1","Sweeping Beam"],"picked":"Hologram","floor":27},{"not_picked":["Ball Lightning","FTL"],"picked":"Hologram","floor":29},{"not_picked":["Darkness","Sweeping Beam","Auto Shields+1"],"picked":"SKIP","floor":31},{"not_picked":["Meteor Strike","Reboot"],"picked":"Seek","floor":33},{"not_picked":["Beam Cell","Tempest+1"],"picked":"Genetic Algorithm+1","floor":35},{"not_picked":["Recycle","Redo"],"picked":"Storm","floor":36},{"not_picked":["Reinforced Body","Sweeping Beam"],"picked":"Storm+1","floor":37},{"not_picked":["Barrage","Rebound"],"picked":"Recycle","floor":38},{"not_picked":["Trip","Swift Strike"],"picked":"Blind","floor":41}],"player_experience":4910163,"relics_obtained":[{"floor":7,"key":"Letter Opener"},{"floor":9,"key":"Gambling Chip"},{"floor":21,"key":"Red Mask"},{"floor":24,"key":"Ginger"}],"event_choices":[{"damage_healed":0,"gold_gain":75,"player_choice":"Gather Gold","damage_taken":11,"max_hp_gain":0,"max_hp_loss":0,"event_name":"World of Goop","floor":4,"gold_loss":0},{"damage_healed":0,"gold_gain":0,"player_choice":"Fled","damage_taken":11,"max_hp_gain":0,"max_hp_loss":0,"event_name":"Scrap Ooze","floor":13,"gold_loss":0},{"damage_healed":0,"gold_gain":0,"cards_transformed":["Strike_B"],"player_choice":"Transformed","damage_taken":0,"max_hp_gain":0,"max_hp_loss":0,"event_name":"Transmorgrifier","floor":14,"gold_loss":0,"cards_obtained":["Static Discharge"]},{"cards_removed":["Strike_B"],"damage_healed":0,"gold_gain":0,"player_choice":"Gave Gold","damage_taken":0,"max_hp_gain":0,"max_hp_loss":0,"event_name":"Beggar","floor":19,"gold_loss":75},{"damage_healed":0,"gold_gain":0,"player_choice":"Joined the Cult","damage_taken":6,"max_hp_gain":0,"max_hp_loss":0,"event_name":"Nest","floor":20,"gold_loss":0,"cards_obtained":["RitualDagger"]},{"damage_healed":0,"gold_gain":0,"player_choice":"Fought Bandits","damage_taken":0,"max_hp_gain":0,"max_hp_loss":0,"event_name":"Masked Bandits","floor":21,"gold_loss":0},{"damage_healed":0,"gold_gain":0,"player_choice":"Memory 3","damage_taken":10,"max_hp_gain":0,"max_hp_loss":0,"event_name":"SensoryStone","floor":41,"gold_loss":0}],"is_beta":true,"boss_relics":[{"not_picked":["Calling Bell","Sozu"],"picked":"Philosopher\u0027s Stone"},{"not_picked":["Cursed Key","Empty Cage"],"picked":"Runic Pyramid"}],"items_purged_floors":[3,28],"is_endless":false,"potions_floor_spawned":[2,10,18,22,27,37,38],"killed_by":"Reptomancer","ascension_level":20}