{"gold_per_floor":[214,226,246,257,277,277,308,308,333,65,98,98,23,57,57,131,131,143,143,143,43,57,91,91,366,393,393,411,411,422,422,422,422],"floor_reached":33,"playtime":2755,"items_purged":["Strike_B","FTL"],"score":566,"play_id":"5918efb9-c29f-4a01-bc2d-6e9404f10bf2","local_time":"20190214165200","is_ascension_mode":true,"campfire_choices":[{"data":"Zap","floor":6.0,"key":"SMITH"},{"floor":8.0,"key":"REST"},{"data":"Coolheaded","floor":12.0,"key":"SMITH"},{"data":"Electrodynamics","floor":15.0,"key":"SMITH"},{"data":"Capacitor","floor":24,"key":"SMITH"},{"data":"Reinforced Body","floor":27,"key":"SMITH"},{"data":"Streamline","floor":29,"key":"SMITH"},{"floor":32,"key":"REST"}],"neow_cost":"NONE","seed_source_timestamp":15162246478396,"circlet_count":0,"master_deck":["AscendersBane","Strike_B+1","Strike_B+1","Defend_B+1","Defend_B+1","Defend_B+1","Defend_B+1","Zap+1","Dualcast","Undo","Cold Snap","Gash","Cold Snap","Reinforced Body+1","Electrodynamics+1","Coolheaded+1","Capacitor+1","FTL+1","Machine Learning","Streamline+1","Conserve Battery","Conserve Battery","White Noise","Static Discharge"],"special_seed":0,"relics":["Cracked Core","Omamori","Centennial Puzzle","Vajra","Whetstone","Snecko Eye","Girya"],"potions_floor_usage":[23,33,33],"damage_taken":[{"damage":0.0,"enemies":"Cultist","floor":1.0,"turns":4.0},{"damage":0.0,"enemies":"Jaw Worm","floor":2.0,"turns":4.0},{"damage":3.0,"enemies":"Small Slimes","floor":3.0,"turns":5.0},{"damage":7.0,"enemies":"Blue Slaver","floor":4.0,"turns":4.0},{"damage":13.0,"enemies":"Gremlin Gang","floor":5.0,"turns":4.0},{"damage":6.0,"enemies":"Lagavulin","floor":7.0,"turns":8.0},{"damage":5.0,"enemies":"3 Sentries","floor":11.0,"turns":4.0},{"damage":14.0,"enemies":"Lagavulin","floor":14.0,"turns":9.0},{"damage":1.0,"enemies":"The Guardian","floor":16.0,"turns":12.0},{"damage":7.0,"enemies":"3 Byrds","floor":18.0,"turns":3.0},{"damage":6,"enemies":"2 Thieves","floor":22,"turns":3},{"damage":13,"enemies":"Book of Stabbing","floor":23,"turns":7},{"damage":1,"enemies":"Centurion and Healer","floor":28,"turns":12},{"damage":20,"enemies":"Snake Plant","floor":30,"turns":7},{"damage":46,"enemies":"Automaton","floor":33,"turns":12}],"seed_played":"-4617421388608505737","potions_obtained":[{"floor":1.0,"key":"Energy Potion"},{"floor":4.0,"key":"Block Potion"},{"floor":11.0,"key":"Ancient Potion"},{"floor":23,"key":"SpeedPotion"}],"is_trial":false,"path_per_floor":["M","M","M","M","M","R","E","R","T","$","E","R","?","E","R","B",null,"M","?","?","$","M","E","R","?","T","R","M","R","M","?","R","B"],"character_chosen":"DEFECT","items_purchased":["Coolheaded","Fire Potion","Capacitor"],"campfire_rested":2,"item_purchase_floors":[10,10,10],"current_hp_per_floor":[64,64,61,54,41,41,35,56,56,56,51,51,51,37,37,36,62,55,55,55,55,49,36,36,36,36,36,35,35,15,15,36,0],"gold":422,"neow_bonus":"HUNDRED_GOLD","is_prod":false,"is_daily":false,"chose_seed":false,"campfire_upgraded":6,"win_rate":0,"timestamp":1550191920,"path_taken":["M","M","M","?","M","R","E","R","T","$","E","R","?","E","R","BOSS","M","?","?","$","M","E","R","?","T","R","?","R","M","?","R","BOSS"],"build_version":"2019-02-06","purchased_purges":2,"victory":false,"max_hp_per_floor":[71,71,71,71,71,71,71,71,71,71,71,71,71,71,71,71,71,71,71,71,71,71,71,71,71,71,71,71,71,71,71,71,71],"card_choices":[{"not_picked":["Streamline","Barrage"],"picked":"Undo","floor":1.0},{"not_picked":["Tempest","Beam Cell"],"picked":"Cold Snap","floor":2.0},{"not_picked":["Hello World","Fusion"],"picked":"Gash","floor":3.0},{"not_picked":["Heatsinks","Streamline"],"picked":"Cold Snap","floor":4.0},{"not_picked":["Cold Snap","Stack"],"picked":"Reinforced Body","floor":5.0},{"not_picked":["Gash","Barrage"],"picked":"Electrodynamics","floor":7.0},{"not_picked":["Gash","Sweeping Beam"],"picked":"FTL","floor":11.0},{"not_picked":["Skim","Hologram"],"picked":"FTL","floor":14.0},{"not_picked":["Reboot","Amplify"],"picked":"Machine Learning","floor":16.0},{"not_picked":["Rebound","Steam"],"picked":"Streamline","floor":18.0},{"not_picked":["Redo","Steam"],"picked":"Conserve Battery","floor":22},{"not_picked":["Seek","Compile Driver+1"],"picked":"Conserve Battery","floor":23},{"not_picked":["Sweeping Beam","Barrage"],"picked":"White Noise","floor":28},{"not_picked":["Rebound","Skim"],"picked":"Static Discharge","floor":30}],"player_experience":4815050,"relics_obtained":[{"floor":7.0,"key":"Omamori"},{"floor":9.0,"key":"Centennial Puzzle"},{"floor":11.0,"key":"Vajra"},{"floor":14.0,"key":"Whetstone"},{"floor":23,"key":"Girya"}],"event_choices":[{"cards_removed":["Strike_B"],"damage_healed":0.0,"max_hp_gain":0.0,"max_hp_loss":0.0,"gold_gain":0.0,"event_name":"The Cleric","player_choice":"Card Removal","floor":13.0,"gold_loss":75.0,"damage_taken":0.0},{"damage_healed":0.0,"max_hp_gain":0.0,"max_hp_loss":0.0,"gold_gain":0.0,"event_name":"Back to Basics","player_choice":"Simplicity","floor":19.0,"gold_loss":0.0,"damage_taken":0.0,"cards_upgraded":["Strike_B","Defend_B","Defend_B","Defend_B","Defend_B"]},{"damage_healed":0,"gold_gain":0,"player_choice":"Ignored","damage_taken":0,"max_hp_gain":0,"max_hp_loss":0,"event_name":"Vampires","floor":20,"gold_loss":0},{"damage_healed":0,"gold_gain":275,"player_choice":"Desecrate","damage_taken":0,"max_hp_gain":0,"max_hp_loss":0,"event_name":"Golden Shrine","floor":25,"gold_loss":0,"cards_obtained":["Regret"]},{"damage_healed":0,"gold_gain":0,"player_choice":"Ignored","damage_taken":0,"max_hp_gain":0,"max_hp_loss":0,"event_name":"Cursed Tome","floor":31,"gold_loss":0}],"is_beta":true,"boss_relics":[{"not_picked":["FrozenCore","Philosopher\u0027s Stone"],"picked":"Snecko Eye"}],"items_purged_floors":[10,21],"is_endless":false,"potions_floor_spawned":[1,4,11,14,18,23],"killed_by":"Automaton","ascension_level":20}