{"gold_per_floor":[211,211,44,108,119,150,150,185,208,208,208,234,234,293,293,367,367,383,383,383,403,419,419,431,431,458,471,59,84,84,104,104,177,177,190,203,203,227,1,30,40,74,128,128,181,198,226,226,226,226,226,226,226,28,55,55],"floor_reached":57,"playtime":8504,"items_purged":["Strike_B","Strike_B"],"score":2948,"play_id":"a45980bc-3c2d-449a-9822-5d6910716759","local_time":"20190221155432","is_ascension_mode":true,"campfire_choices":[{"data":"Zap","floor":7,"key":"SMITH"},{"floor":11,"key":"REST"},{"data":"Biased Cognition","floor":13,"key":"SMITH"},{"floor":15,"key":"REST"},{"data":"Static Discharge","floor":23,"key":"SMITH"},{"data":"Coolheaded","floor":25,"key":"SMITH"},{"data":"Hologram","floor":30,"key":"SMITH"},{"data":"Doom and Gloom","floor":32,"key":"SMITH"},{"floor":44,"key":"RECALL"},{"data":"Apotheosis","floor":49,"key":"SMITH"},{"data":"Undo","floor":53,"key":"SMITH"}],"neow_cost":"NONE","seed_source_timestamp":32161750663628,"circlet_count":0,"master_deck":["AscendersBane","Strike_B","Defend_B","Defend_B","Defend_B","Zap+1","Dualcast+1","Doom and Gloom+1","Self Repair","Biased Cognition+1","Static Discharge+1","Genetic Algorithm","Hologram+1","Echo Form","FTL","Chill","Conserve Battery","Coolheaded+1","Undo+1","Multi-Cast","Defragment+1","Hologram","Apotheosis+1","Chaos+1","Core Surge","Cold Snap","Doom and Gloom","Cold Snap","Capacitor"],"relics":["Cracked Core","Centennial Puzzle","Blood Vial","Ancient Tea Set","DataDisk","War Paint","Regal Pillow","Omamori","Velvet Choker","Happy Flower","PreservedInsect","Gambling Chip","Bottled Tornado","Nuclear Battery","Strawberry","Runic Capacitor","Juzu Bracelet","Anchor","FossilizedHelix","Lantern","Pen Nib"],"potions_floor_usage":[5,6,8,12,24,29,47,56,56],"damage_taken":[{"damage":2,"enemies":"2 Louse","floor":1,"turns":4},{"damage":2,"enemies":"Jaw Worm","floor":5,"turns":3},{"damage":25,"enemies":"Lagavulin","floor":6,"turns":5},{"damage":20,"enemies":"3 Sentries","floor":8,"turns":4},{"damage":29,"enemies":"Gremlin Nob","floor":12,"turns":4},{"damage":34,"enemies":"Lagavulin Event","floor":14,"turns":4},{"damage":26,"enemies":"Hexaghost","floor":16,"turns":6},{"damage":24,"enemies":"Shell Parasite","floor":18,"turns":5},{"damage":11,"enemies":"Spheric Guardian","floor":21,"turns":4},{"damage":9,"enemies":"Snecko","floor":22,"turns":5},{"damage":10,"enemies":"Centurion and Healer","floor":24,"turns":4},{"damage":4,"enemies":"Sentry and Sphere","floor":27,"turns":5},{"damage":13,"enemies":"Book of Stabbing","floor":29,"turns":3},{"damage":3,"enemies":"Snake Plant","floor":31,"turns":4},{"damage":23,"enemies":"Automaton","floor":33,"turns":8},{"damage":0,"enemies":"3 Shapes","floor":35,"turns":3},{"damage":16,"enemies":"Orb Walker","floor":36,"turns":4},{"damage":11,"enemies":"Nemesis","floor":40,"turns":7},{"damage":3,"enemies":"4 Shapes","floor":41,"turns":8},{"damage":13,"enemies":"Giant Head","floor":42,"turns":7},{"damage":12,"enemies":"2 Orb Walkers","floor":45,"turns":4},{"damage":0,"enemies":"Transient","floor":46,"turns":6},{"damage":0,"enemies":"Reptomancer","floor":47,"turns":7},{"damage":0,"enemies":"Awakened One","floor":50,"turns":15},{"damage":0,"enemies":"Donu and Deca","floor":51,"turns":10},{"damage":63,"enemies":"Shield and Spear","floor":55,"turns":4},{"damage":29,"enemies":"The Heart","floor":56,"turns":9}],"seed_played":"-52958658653400196","potions_obtained":[{"floor":1,"key":"EntropicBrew"},{"floor":6,"key":"Weak Potion"},{"floor":8,"key":"Explosive Potion"},{"floor":12,"key":"Fire Potion"},{"floor":18,"key":"Weak Potion"},{"floor":27,"key":"FearPotion"},{"floor":33,"key":"LiquidBronze"}],"is_trial":false,"path_per_floor":["M","?","$","?","M","E","R","E","T","?","R","E","R","?","R","B",null,"M","?","?","M","M","R","M","R","T","M","$","E","R","M","R","B",null,"M","M","?","T","$","E","M","E","T","R","?","M","E","?","R","B","B",null,"R","$","E","B",null],"character_chosen":"DEFECT","items_purchased":["Centennial Puzzle","Gambling Chip","Runic Capacitor","Capacitor","SpeedPotion"],"campfire_rested":2,"item_purchase_floors":[3,28,39,54,54],"current_hp_per_floor":[62,67,67,67,65,47,47,36,36,31,53,33,33,1,38,21,62,47,47,47,45,45,45,51,51,51,63,63,66,66,72,72,58,72,76,74,64,71,71,82,83,83,83,83,83,83,83,83,83,83,83,83,83,83,30,3],"gold":55,"neow_bonus":"HUNDRED_GOLD","is_prod":false,"is_daily":false,"chose_seed":false,"campfire_upgraded":8,"win_rate":0,"timestamp":1550793272,"path_taken":["M","?","$","?","M","E","R","E","T","?","R","E","R","?","R","BOSS","M","?","?","M","M","R","M","R","T","?","?","E","R","M","R","BOSS","M","M","?","?","$","E","M","E","T","R","?","M","E","?","R","BOSS","BOSS","R","$","E","BOSS"],"build_version":"2019-02-06","purchased_purges":2,"victory":true,"max_hp_per_floor":[71,76,76,76,76,76,76,76,76,76,76,76,76,76,76,76,76,76,76,76,76,76,76,76,76,76,76,76,76,76,76,76,76,76,76,76,76,83,83,83,83,83,83,83,83,83,83,83,83,83,83,83,83,83,83,83],"card_choices":[{"not_picked":["Gash","Heatsinks"],"picked":"Doom and Gloom","floor":1},{"not_picked":["Chill","Go for the Eyes"],"picked":"Self Repair","floor":5},{"not_picked":["Sunder","Ball Lightning"],"picked":"Biased Cognition","floor":6},{"not_picked":["Self Repair","Tempest"],"picked":"Static Discharge","floor":8},{"not_picked":["Steam Power","Heatsinks"],"picked":"Genetic Algorithm","floor":12},{"not_picked":["Sweeping Beam","Barrage"],"picked":"Hologram","floor":14},{"not_picked":["Reboot","Rainbow"],"picked":"Echo Form","floor":16},{"not_picked":["Steam Power","Gash"],"picked":"FTL","floor":18},{"not_picked":["Compile Driver","Melter"],"picked":"Chill","floor":21},{"not_picked":["Streamline","Leap"],"picked":"Conserve Battery","floor":22},{"not_picked":["Static Discharge","Reprogram"],"picked":"Coolheaded","floor":24},{"not_picked":["BootSequence","Rebound","Recycle"],"picked":"SKIP","floor":27},{"not_picked":["Scrape+1","Thunder Strike"],"picked":"Undo","floor":29},{"not_picked":["Steam","Leap+1","Streamline"],"picked":"SKIP","floor":31},{"not_picked":["Reboot","Amplify"],"picked":"Multi-Cast","floor":33},{"not_picked":["Go for the Eyes","Hello World+1"],"picked":"Defragment+1","floor":35},{"not_picked":["Melter","Conserve Battery"],"picked":"Hologram","floor":36},{"not_picked":["Dramatic Entrance","Impatience"],"picked":"Apotheosis","floor":37},{"not_picked":["Static Discharge","Double Energy","White Noise+1"],"picked":"SKIP","floor":40},{"not_picked":["Sweeping Beam","Barrage"],"picked":"Chaos+1","floor":41},{"not_picked":["Stack","Turbo+1"],"picked":"Core Surge","floor":42},{"not_picked":["Ball Lightning+1","Heatsinks+1"],"picked":"Cold Snap","floor":45},{"not_picked":["Beam Cell+1","Sweeping Beam"],"picked":"Doom and Gloom","floor":46},{"not_picked":["Leap","Doom and Gloom"],"picked":"Cold Snap","floor":47},{"not_picked":["All For One","Rainbow","Go for the Eyes"],"picked":"SKIP","floor":55}],"player_experience":4885973,"relics_obtained":[{"floor":6,"key":"Blood Vial"},{"floor":8,"key":"Ancient Tea Set"},{"floor":9,"key":"DataDisk"},{"floor":12,"key":"Regal Pillow"},{"floor":14,"key":"Omamori"},{"floor":26,"key":"PreservedInsect"},{"floor":29,"key":"Bottled Tornado"},{"floor":38,"key":"Strawberry"},{"floor":40,"key":"Juzu Bracelet"},{"floor":42,"key":"Anchor"},{"floor":45,"key":"FossilizedHelix"},{"floor":47,"key":"Lantern"},{"floor":55,"key":"Pen Nib"}],"event_choices":[{"damage_healed":0,"gold_gain":0,"player_choice":"Donut","damage_taken":0,"max_hp_gain":5,"max_hp_loss":0,"event_name":"Big Fish","floor":2,"gold_loss":0},{"damage_healed":0,"gold_gain":64,"player_choice":"Gained Gold","damage_taken":0,"max_hp_gain":0,"max_hp_loss":0,"event_name":"Golden Wing","floor":4,"gold_loss":0},{"damage_healed":0,"gold_gain":0,"player_choice":"Success","damage_taken":5,"relics_obtained":["War Paint"],"max_hp_gain":0,"max_hp_loss":0,"event_name":"Scrap Ooze","floor":10,"gold_loss":0},{"damage_healed":0,"gold_gain":30,"player_choice":"Searched \u00273\u0027 times","damage_taken":0,"max_hp_gain":0,"max_hp_loss":0,"event_name":"Dead Adventurer","floor":14,"gold_loss":0},{"damage_healed":0,"gold_gain":0,"player_choice":"Stole Relic","damage_taken":0,"relics_obtained":["Happy Flower"],"max_hp_gain":0,"max_hp_loss":0,"event_name":"Addict","floor":19,"gold_loss":0,"cards_obtained":["Shame"]},{"cards_removed":["Strike_B"],"damage_healed":0,"gold_gain":0,"player_choice":"Offered Basic","damage_taken":0,"max_hp_gain":0,"max_hp_loss":0,"event_name":"Bonfire Elementals","floor":20,"gold_loss":0},{"damage_healed":0,"gold_gain":0,"player_choice":"Memory 3","damage_taken":10,"max_hp_gain":0,"max_hp_loss":0,"event_name":"SensoryStone","floor":37,"gold_loss":0},{"damage_healed":0,"gold_gain":0,"player_choice":"Fight","damage_taken":0,"max_hp_gain":0,"max_hp_loss":0,"event_name":"Mysterious Sphere","floor":45,"gold_loss":0},{"cards_removed":["Defend_B"],"damage_healed":0,"gold_gain":0,"player_choice":"Removed Skill","damage_taken":0,"max_hp_gain":0,"max_hp_loss":0,"event_name":"Falling","floor":48,"gold_loss":0}],"is_beta":true,"boss_relics":[{"not_picked":["Eternal Feather","White Beast Statue"],"picked":"Velvet Choker"},{"not_picked":["Busted Crown","Philosopher\u0027s Stone"],"picked":"Nuclear Battery"}],"items_purged_floors":[28,54],"is_endless":false,"potions_floor_spawned":[1,6,8,12,16,18,22,27,33,35,42,46,55],"ascension_level":20}