{"gold_per_floor":[118,138,288,78,93,93,126,126,126,141,170,170,197,247,247,322,322,337,337,387,387,398,398,460,460],"floor_reached":25,"playtime":1537,"items_purged":["Doubt"],"score":474,"play_id":"852f1bfa-b3ca-4d5a-8fb2-df2627f5a556","local_time":"20190213155554","is_ascension_mode":true,"campfire_choices":[{"data":"Quick Slash","floor":6,"key":"SMITH"},{"floor":8,"key":"REST"},{"floor":12,"key":"REST"},{"data":"Malaise","floor":15,"key":"SMITH"},{"data":"Caltrops","floor":23,"key":"SMITH"}],"neow_cost":"TEN_PERCENT_HP_LOSS","seed_source_timestamp":257638566757104,"circlet_count":0,"master_deck":["AscendersBane","Defend_G","Defend_G","Defend_G","Defend_G","Defend_G","Strike_G","Strike_G","Strike_G","Strike_G","Strike_G","Survivor","Neutralize","Malaise+1","Infinite Blades","Backstab","Quick Slash+1","Caltrops+1","Backflip","Deflect","Malaise","Blade Dance","Ghostly","Ghostly","Ghostly","Corpse Explosion"],"relics":["Ring of the Snake","Paper Crane","Kunai","Strawberry","FossilizedHelix","HoveringKite","Tiny Chest"],"potions_floor_usage":[2,7,10,24],"damage_taken":[{"damage":0,"enemies":"Cultist","floor":1,"turns":4},{"damage":23,"enemies":"Jaw Worm","floor":2,"turns":9},{"damage":6,"enemies":"Small Slimes","floor":5,"turns":5},{"damage":10,"enemies":"Lagavulin","floor":7,"turns":7},{"damage":6,"enemies":"3 Louse","floor":10,"turns":4},{"damage":25,"enemies":"Gremlin Nob","floor":11,"turns":5},{"damage":14,"enemies":"3 Sentries","floor":13,"turns":10},{"damage":1,"enemies":"The Guardian","floor":16,"turns":15},{"damage":0,"enemies":"3 Byrds","floor":18,"turns":4},{"damage":3,"enemies":"Spheric Guardian","floor":22,"turns":10},{"damage":29,"enemies":"Slavers","floor":24,"turns":8},{"damage":1,"enemies":"Centurion and Healer","floor":25,"turns":7}],"seed_played":"6180902258028921047","potions_obtained":[{"floor":1,"key":"FearPotion"},{"floor":2,"key":"Swift Potion"},{"floor":18,"key":"Swift Potion"}],"is_trial":false,"path_per_floor":["M","M","?","$","M","R","E","R","T","M","E","R","E","?","R","B",null,"M","?","?","?","M","R","E","M"],"character_chosen":"THE_SILENT","items_purchased":["Backstab","PowerPotion"],"campfire_rested":2,"item_purchase_floors":[4,4],"current_hp_per_floor":[59,36,36,36,30,30,20,38,38,32,14,34,20,14,14,13,54,54,33,33,33,30,30,1,0],"gold":460,"neow_bonus":"THREE_RARE_CARDS","is_prod":false,"is_daily":false,"chose_seed":false,"campfire_upgraded":3,"win_rate":0,"timestamp":1550102154,"path_taken":["M","?","?","$","M","R","E","R","T","M","E","R","E","?","R","BOSS","M","?","?","?","M","R","E","M"],"build_version":"2019-02-06","purchased_purges":1,"victory":false,"max_hp_per_floor":[60,60,60,60,60,60,60,60,60,60,67,67,67,67,67,67,67,67,33,33,33,33,33,33,33],"card_choices":[{"not_picked":["Grand Finale","Die Die Die"],"picked":"Malaise","floor":0},{"not_picked":["Eviscerate","Bane","Acrobatics"],"picked":"SKIP","floor":1},{"not_picked":["Sucker Punch","Riddle With Holes"],"picked":"Infinite Blades","floor":2},{"not_picked":["Escape Plan","Cloak And Dagger"],"picked":"Quick Slash","floor":5},{"not_picked":["Bullet Time","Dagger Throw"],"picked":"Caltrops","floor":7},{"not_picked":["Terror","Catalyst"],"picked":"Backflip","floor":10},{"not_picked":["Bane","Bouncing Flask","Tactician"],"picked":"SKIP","floor":11},{"not_picked":["Slice","Quick Slash"],"picked":"Deflect","floor":13},{"not_picked":["Night Terror","Phantasmal Killer"],"picked":"Malaise","floor":16},{"not_picked":["Dagger Throw","Bane+1"],"picked":"Blade Dance","floor":18},{"not_picked":["Caltrops","Masterful Stab","Flying Knee"],"picked":"SKIP","floor":22},{"not_picked":["Backstab","Deadly Poison"],"picked":"Corpse Explosion","floor":24}],"player_experience":4800597,"relics_obtained":[{"floor":7,"key":"Paper Crane"},{"floor":9,"key":"Kunai"},{"floor":11,"key":"Strawberry"},{"floor":13,"key":"FossilizedHelix"},{"floor":24,"key":"Tiny Chest"}],"event_choices":[{"damage_healed":0,"gold_gain":150,"player_choice":"AGREE","damage_taken":0,"max_hp_gain":0,"max_hp_loss":0,"event_name":"Liars Game","floor":3,"gold_loss":0,"cards_obtained":["Doubt"]},{"damage_healed":0,"gold_gain":50,"player_choice":"Touch","damage_taken":6,"max_hp_gain":0,"max_hp_loss":0,"event_name":"FaceTrader","floor":14,"gold_loss":0},{"damage_healed":0,"gold_gain":0,"player_choice":"Became a Ghost","damage_taken":0,"max_hp_gain":0,"max_hp_loss":34,"event_name":"Ghosts","floor":19,"gold_loss":0,"cards_obtained":["Ghostly","Ghostly","Ghostly"]},{"damage_healed":0,"gold_gain":50,"player_choice":"Stole From Cult","damage_taken":0,"max_hp_gain":0,"max_hp_loss":0,"event_name":"Nest","floor":20,"gold_loss":0},{"damage_healed":0,"gold_gain":0,"player_choice":"Full Heal","damage_taken":0,"max_hp_gain":0,"max_hp_loss":0,"event_name":"Wheel of Change","floor":21,"gold_loss":0}],"is_beta":true,"boss_relics":[{"not_picked":["Sozu","Orrery"],"picked":"HoveringKite"}],"items_purged_floors":[4],"is_endless":false,"potions_floor_spawned":[1,2,5,18],"killed_by":"Centurion and Healer","ascension_level":20}