{"gold_per_floor":[112,122,139,139,153,153,153,153,177,177,205,219,52,86,86,160,160,178,178,178,138,138,138,138,138,163,198,225,242,41,55,55,129,129,149,149,165,184,84,113,113,138,164,177,177,177,208,222,222,222,222,222,222,28,58,58],"floor_reached":57,"playtime":5225,"items_purged":["Decay","Strike_G+1"],"score":2711,"play_id":"c9987fd8-78c1-4cc1-8166-a7734146d053","local_time":"20190216142020","is_ascension_mode":true,"campfire_choices":[{"data":"Neutralize","floor":6,"key":"SMITH"},{"data":"Quick Slash","floor":8,"key":"SMITH"},{"data":"Infinite Blades","floor":10,"key":"SMITH"},{"data":"Deadly Poison","floor":15,"key":"SMITH"},{"data":"Dagger Spray","floor":23,"key":"SMITH"},{"floor":25,"key":"REST"},{"floor":32,"key":"REST"},{"floor":41,"key":"REST"},{"floor":45,"key":"REST"},{"floor":49,"key":"RECALL"},{"floor":53,"key":"REST"}],"neow_cost":"NONE","seed_source_timestamp":108745681497051,"circlet_count":0,"master_deck":["AscendersBane","Defend_G+1","Defend_G+1","Defend_G+1","Defend_G+1","Defend_G+1","Strike_G+1","Strike_G+1","Strike_G+1","Survivor","Neutralize+1","Quick Slash+1","Infinite Blades+1","Dodge and Roll","Well Laid Plans","Backflip","Deadly Poison+1","After Image","Escape Plan","Dodge and Roll","Backstab","Leg Sweep","Dash","Dagger Spray+1","PiercingWail","Prepared+1","Noxious Fumes","Noxious Fumes","PiercingWail","Wraith Form v2","Calculated Gamble+1","Finesse","Thinking Ahead","Crippling Poison+1","Dodge and Roll","Leg Sweep","Prepared+1","Blur","Backflip","Wraith Form v2","PiercingWail+1","Acrobatics","Caltrops","PiercingWail"],"relics":["Ring of the Snake","NeowsBlessing","Bronze Scales","Whetstone","Oddly Smooth Stone","Mango","Orrery","MutagenicStrength","Dream Catcher","Omamori","Potion Belt","Fusion Hammer","PreservedInsect","Bag of Marbles","Letter Opener","Bag of Preparation","Centennial Puzzle"],"potions_floor_usage":[11,14,27,33,40,50,55,56,56,56],"damage_taken":[{"damage":0,"enemies":"Cultist","floor":1,"turns":1},{"damage":0,"enemies":"Small Slimes","floor":2,"turns":1},{"damage":0,"enemies":"Jaw Worm","floor":3,"turns":1},{"damage":9,"enemies":"3 Louse","floor":5,"turns":4},{"damage":1,"enemies":"Lagavulin","floor":11,"turns":7},{"damage":0,"enemies":"Looter","floor":12,"turns":3},{"damage":16,"enemies":"3 Sentries","floor":14,"turns":7},{"damage":17,"enemies":"Hexaghost","floor":16,"turns":9},{"damage":0,"enemies":"3 Byrds","floor":18,"turns":3},{"damage":12,"enemies":"2 Thieves","floor":21,"turns":5},{"damage":15,"enemies":"Slavers","floor":27,"turns":5},{"damage":3,"enemies":"Snake Plant","floor":29,"turns":4},{"damage":14,"enemies":"Centurion and Healer","floor":31,"turns":9},{"damage":5,"enemies":"Champ","floor":33,"turns":18},{"damage":2,"enemies":"Orb Walker","floor":35,"turns":4},{"damage":13,"enemies":"3 Shapes","floor":37,"turns":7},{"damage":7,"enemies":"3 Darklings","floor":38,"turns":6},{"damage":19,"enemies":"Nemesis","floor":40,"turns":9},{"damage":12,"enemies":"Giant Head","floor":42,"turns":9},{"damage":8,"enemies":"Maw","floor":44,"turns":9},{"damage":3,"enemies":"Reptomancer","floor":47,"turns":8},{"damage":7,"enemies":"Jaw Worm Horde","floor":48,"turns":5},{"damage":17,"enemies":"Awakened One","floor":50,"turns":30},{"damage":7,"enemies":"Donu and Deca","floor":51,"turns":12},{"damage":33,"enemies":"Shield and Spear","floor":55,"turns":7},{"damage":34,"enemies":"The Heart","floor":56,"turns":13}],"seed_played":"-7058792957437690772","potions_obtained":[{"floor":2,"key":"Strength Potion"},{"floor":3,"key":"AttackPotion"},{"floor":16,"key":"SkillPotion"},{"floor":29,"key":"EssenceOfSteel"},{"floor":33,"key":"Strength Potion"},{"floor":35,"key":"Explosive Potion"},{"floor":37,"key":"Swift Potion"},{"floor":38,"key":"Ancient Potion"},{"floor":47,"key":"EssenceOfSteel"}],"is_trial":false,"path_per_floor":["M","M","M","?","M","R","?","R","T","R","E","M","$","E","R","B",null,"M","?","?","M","?","R","?","R","T","E","T","M","$","M","R","B",null,"M","?","M","M","$","E","R","E","T","M","R","T","E","M","R","B","B",null,"R","$","E","B",null],"character_chosen":"THE_SILENT","items_purchased":["Oddly Smooth Stone","Noxious Fumes","GhostInAJar","Poison Potion","Block Potion","Caltrops"],"campfire_rested":5,"item_purchase_floors":[13,30,30,54,54,54],"current_hp_per_floor":[59,59,59,59,50,50,50,50,50,50,49,49,49,47,47,30,68,68,68,68,56,56,56,33,58,58,43,43,40,40,26,51,46,75,73,63,50,43,43,24,49,37,37,29,54,54,51,44,44,27,20,69,85,85,52,18],"gold":58,"neow_bonus":"THREE_ENEMY_KILL","is_prod":false,"is_daily":false,"chose_seed":false,"campfire_upgraded":5,"win_rate":0,"timestamp":1550355620,"path_taken":["M","?","M","?","?","R","?","R","T","R","E","?","$","E","R","BOSS","M","?","?","M","?","R","?","R","T","E","?","M","$","M","R","BOSS","M","?","M","M","$","E","R","E","T","M","R","?","E","M","R","BOSS","BOSS","R","$","E","BOSS"],"build_version":"2019-02-06","purchased_purges":2,"victory":true,"max_hp_per_floor":[66,66,66,66,66,66,66,66,66,66,66,66,66,80,80,80,80,80,80,80,80,80,80,85,85,85,85,85,85,85,85,85,85,85,85,85,85,85,85,85,85,85,85,85,85,85,85,85,85,85,85,85,85,85,85,85],"card_choices":[{"not_picked":["Sucker Punch","Flechettes"],"picked":"Quick Slash","floor":1},{"not_picked":["Bouncing Flask","Cloak And Dagger"],"picked":"Infinite Blades","floor":2},{"not_picked":["Flying Knee","Sucker Punch"],"picked":"Dodge and Roll","floor":3},{"not_picked":["Accuracy","Deadly Poison"],"picked":"Well Laid Plans","floor":5},{"not_picked":["Outmaneuver","Expertise"],"picked":"Backflip","floor":11},{"not_picked":["Bane","Backflip","Outmaneuver"],"picked":"SKIP","floor":12},{"not_picked":["Expertise","PiercingWail"],"picked":"Deadly Poison","floor":14},{"not_picked":["Phantasmal Killer","Bullet Time"],"picked":"After Image","floor":16},{"not_picked":["Deflect","Deadly Poison"],"picked":"Escape Plan","floor":17},{"not_picked":["Expertise","Poisoned Stab"],"picked":"Dodge and Roll","floor":17},{"not_picked":["Catalyst","Flying Knee"],"picked":"Backstab","floor":17},{"not_picked":["Blade Dance","Flying Knee"],"picked":"Leg Sweep","floor":17},{"not_picked":["Flying Knee","Bouncing Flask"],"picked":"Dash","floor":17},{"not_picked":["All Out Attack","Outmaneuver"],"picked":"Dagger Spray","floor":18},{"not_picked":["Deadly Poison","Terror"],"picked":"PiercingWail","floor":21},{"not_picked":["Deflect","Acrobatics"],"picked":"Prepared+1","floor":27},{"not_picked":["Glass Knife","Slice","All Out Attack+1"],"picked":"SKIP","floor":29},{"not_picked":["Glass Knife","Slice","All Out Attack+1"],"picked":"SKIP","floor":29},{"not_picked":["Glass Knife","Slice","All Out Attack+1"],"picked":"SKIP","floor":29},{"not_picked":["Blade Dance","Underhanded Strike"],"picked":"Noxious Fumes","floor":31},{"not_picked":["Sucker Punch","Prepared"],"picked":"PiercingWail","floor":32},{"not_picked":["Glass Knife","Unload"],"picked":"Wraith Form v2","floor":33},{"not_picked":["Underhanded Strike","Poisoned Stab"],"picked":"Calculated Gamble+1","floor":35},{"not_picked":["Madness","Jack Of All Trades"],"picked":"Finesse","floor":36},{"not_picked":["Panache","Swift Strike"],"picked":"Thinking Ahead","floor":36},{"not_picked":["Slice","Backflip"],"picked":"Crippling Poison+1","floor":37},{"not_picked":["Dagger Throw","Quick Slash+1"],"picked":"Dodge and Roll","floor":38},{"not_picked":["Dagger Spray+1","Skewer"],"picked":"Leg Sweep","floor":40},{"not_picked":["Dash+1","Dodge and Roll"],"picked":"Prepared+1","floor":41},{"not_picked":["Flechettes","Setup","Deflect"],"picked":"SKIP","floor":42},{"not_picked":["Expertise","Dagger Spray"],"picked":"Blur","floor":44},{"not_picked":["Flying Knee","Blur"],"picked":"Backflip","floor":45},{"not_picked":["Envenom","Poisoned Stab+1"],"picked":"Wraith Form v2","floor":47},{"not_picked":["Dodge and Roll+1","Underhanded Strike+1"],"picked":"PiercingWail+1","floor":48},{"not_picked":["Deflect","Dodge and Roll"],"picked":"Acrobatics","floor":53},{"not_picked":["Masterful Stab","Flying Knee+1"],"picked":"PiercingWail","floor":55}],"player_experience":4848459,"relics_obtained":[{"floor":9,"key":"Bronze Scales"},{"floor":11,"key":"Whetstone"},{"floor":14,"key":"Mango"},{"floor":26,"key":"Dream Catcher"},{"floor":27,"key":"Omamori"},{"floor":28,"key":"Potion Belt"},{"floor":40,"key":"PreservedInsect"},{"floor":42,"key":"Bag of Marbles"},{"floor":46,"key":"Letter Opener"},{"floor":47,"key":"Bag of Preparation"},{"floor":55,"key":"Centennial Puzzle"}],"event_choices":[{"cards_removed":["Strike_G"],"damage_healed":0,"gold_gain":0,"player_choice":"Purged","damage_taken":0,"max_hp_gain":0,"max_hp_loss":0,"event_name":"Purifier","floor":4,"gold_loss":0},{"damage_healed":0,"gold_gain":0,"player_choice":"Cursed","damage_taken":0,"max_hp_gain":0,"max_hp_loss":0,"event_name":"Wheel of Change","floor":7,"gold_loss":0,"cards_obtained":["Decay"]},{"damage_healed":0,"gold_gain":0,"player_choice":"Inject Mutagens","damage_taken":0,"relics_obtained":["MutagenicStrength"],"max_hp_gain":0,"max_hp_loss":0,"event_name":"Drug Dealer","floor":19,"gold_loss":0},{"damage_healed":0,"gold_gain":0,"player_choice":"Simplicity","damage_taken":0,"max_hp_gain":0,"max_hp_loss":0,"event_name":"Back to Basics","floor":20,"gold_loss":0,"cards_upgraded":["Defend_G","Defend_G","Defend_G","Defend_G","Defend_G","Strike_G","Strike_G"]},{"damage_healed":0,"gold_gain":0,"player_choice":"Ignored","damage_taken":0,"max_hp_gain":0,"max_hp_loss":0,"event_name":"The Mausoleum","floor":22,"gold_loss":0},{"damage_healed":0,"gold_gain":0,"player_choice":"Shed Blood","damage_taken":28,"max_hp_gain":5,"max_hp_loss":0,"event_name":"Forgotten Altar","floor":24,"gold_loss":0},{"damage_healed":0,"gold_gain":0,"player_choice":"Memory 3","damage_taken":10,"max_hp_gain":0,"max_hp_loss":0,"event_name":"SensoryStone","floor":36,"gold_loss":0}],"is_beta":true,"boss_relics":[{"not_picked":["Tiny House","Busted Crown"],"picked":"Orrery"},{"not_picked":["Empty Cage","Calling Bell"],"picked":"Fusion Hammer"}],"items_purged_floors":[30,39],"is_endless":false,"potions_floor_spawned":[2,3,5,16,29,33,35,37,38,47],"ascension_level":20}