{"gold_per_floor":[111,128,128,128,139,139,170,181,181,181,51,76,21,79,79,157,157,170,205,218,231,42,42,67,67,149,162,181,196,68,168,168,241,241,252,252,264,87,163,163,193,211,284,284,506,506,533,546,546,546,546,546,546,62,90,90],"floor_reached":57,"playtime":8864,"items_purged":["Pain","Dash","Expertise"],"score":2721,"play_id":"2a02152b-5a19-44ff-96e0-e385a74b5474","local_time":"20190222162119","is_ascension_mode":true,"campfire_choices":[{"data":"Neutralize","floor":6,"key":"SMITH"},{"floor":10,"key":"REST"},{"data":"Caltrops","floor":15,"key":"SMITH"},{"data":"Panache","floor":23,"key":"SMITH"},{"data":"Footwork","floor":25,"key":"SMITH"},{"floor":32,"key":"REST"},{"data":"Wraith Form v2","floor":40,"key":"SMITH"},{"floor":44,"key":"RECALL"},{"data":"Footwork","floor":49,"key":"SMITH"},{"data":"Footwork","floor":53,"key":"SMITH"}],"neow_cost":"NONE","seed_source_timestamp":119840062197285,"circlet_count":0,"master_deck":["AscendersBane","Survivor","Neutralize+1","Caltrops+1","Infinite Blades","Dash","Dagger Spray","PiercingWail","Cloak And Dagger","PiercingWail","After Image+1","Catalyst","Quick Slash","Calculated Gamble","Catalyst","Cloak And Dagger","Acrobatics","Deflect","Footwork+1","Blur","Dodge and Roll","Panache+1","Dodge and Roll","Crippling Poison","Well Laid Plans","Malaise","Deflect","Footwork+1","Wraith Form v2+1","PiercingWail","PiercingWail+1","Footwork+1","Dodge and Roll","Burst","Poisoned Stab","Leg Sweep"],"relics":["Ring of the Snake","WarpedTongs","Vajra","Gremlin Horn","Gambling Chip","Tiny Chest","Pandora\u0027s Box","Red Mask","Anchor","Question Card","Girya","Shuriken","Runic Pyramid","Art of War","Pantograph","Pocketwatch","Regal Pillow","Bag of Preparation","Boot"],"potions_floor_usage":[7,12,16,19,56,56],"damage_taken":[{"damage":5,"enemies":"Jaw Worm","floor":1,"turns":6},{"damage":1,"enemies":"2 Louse","floor":2,"turns":3},{"damage":6,"enemies":"Cultist","floor":5,"turns":4},{"damage":15,"enemies":"Lagavulin","floor":7,"turns":8},{"damage":1,"enemies":"Looter","floor":8,"turns":5},{"damage":10,"enemies":"3 Sentries","floor":12,"turns":5},{"damage":14,"enemies":"Gremlin Nob","floor":14,"turns":4},{"damage":7,"enemies":"Hexaghost","floor":16,"turns":10},{"damage":6,"enemies":"Shell Parasite","floor":18,"turns":7},{"damage":2,"enemies":"Masked Bandits","floor":19,"turns":7},{"damage":0,"enemies":"Chosen","floor":20,"turns":8},{"damage":0,"enemies":"Centurion and Healer","floor":21,"turns":11},{"damage":3,"enemies":"Gremlin Leader","floor":24,"turns":5},{"damage":1,"enemies":"Snake Plant","floor":27,"turns":4},{"damage":7,"enemies":"Snecko","floor":28,"turns":8},{"damage":0,"enemies":"Centurion and Healer","floor":29,"turns":7},{"damage":3,"enemies":"Colosseum Slavers","floor":31,"turns":5},{"damage":12,"enemies":"Colosseum Nobs","floor":31,"turns":5},{"damage":17,"enemies":"Champ","floor":33,"turns":15},{"damage":2,"enemies":"Orb Walker","floor":35,"turns":5},{"damage":0,"enemies":"3 Darklings","floor":37,"turns":5},{"damage":15,"enemies":"Giant Head","floor":41,"turns":12},{"damage":0,"enemies":"Writhing Mass","floor":42,"turns":8},{"damage":6,"enemies":"Reptomancer","floor":47,"turns":8},{"damage":0,"enemies":"4 Shapes","floor":48,"turns":6},{"damage":15,"enemies":"Donu and Deca","floor":50,"turns":13},{"damage":10,"enemies":"Time Eater","floor":51,"turns":18},{"damage":19,"enemies":"Shield and Spear","floor":55,"turns":11},{"damage":9,"enemies":"The Heart","floor":56,"turns":9}],"seed_played":"3480624722723769865","potions_obtained":[{"floor":0,"key":"GhostInAJar"},{"floor":0,"key":"Strength Potion"},{"floor":7,"key":"PowerPotion"},{"floor":16,"key":"SkillPotion"},{"floor":20,"key":"FearPotion"},{"floor":28,"key":"Swift Potion"}],"is_trial":false,"path_per_floor":["M","M","?","?","M","R","E","M","T","R","$","E","$","E","R","B",null,"M","?","M","M","$","R","E","R","T","M","M","M","$","?","R","B",null,"M","?","M","$","T","R","E","M","T","R","?","T","E","M","R","B","B",null,"R","$","E","B",null],"character_chosen":"THE_SILENT","items_purchased":["PiercingWail","Weak Potion","Panache","Well Laid Plans","Poison Potion","Wraith Form v2","Burst","Bag of Preparation","Poisoned Stab"],"campfire_rested":2,"item_purchase_floors":[11,13,22,30,30,38,54,54,54],"current_hp_per_floor":[54,53,46,46,40,40,25,24,24,43,43,33,33,19,19,12,53,47,45,45,45,45,45,42,42,42,41,34,34,34,19,38,21,55,53,53,53,53,53,53,38,38,38,38,38,38,32,32,32,42,56,64,64,64,45,57],"gold":90,"neow_bonus":"THREE_SMALL_POTIONS","is_prod":false,"is_daily":false,"chose_seed":false,"campfire_upgraded":7,"win_rate":0,"timestamp":1550881279,"path_taken":["M","M","?","?","M","R","E","?","T","R","$","E","$","E","R","BOSS","M","?","M","M","$","R","E","R","T","M","M","M","$","?","R","BOSS","M","?","?","$","?","R","E","M","T","R","?","?","E","M","R","BOSS","BOSS","R","$","E","BOSS"],"build_version":"2019-02-06","purchased_purges":3,"victory":true,"max_hp_per_floor":[66,66,66,66,66,66,66,66,66,66,66,66,66,66,66,66,66,66,66,66,66,66,66,66,66,66,66,66,66,66,66,66,66,66,66,66,66,66,66,66,66,66,66,66,66,66,66,66,66,66,66,66,66,66,66,66],"card_choices":[{"not_picked":["Deflect","Dodge and Roll"],"picked":"Dash","floor":1},{"not_picked":["Acrobatics","Leg Sweep"],"picked":"Caltrops","floor":2},{"not_picked":["Deflect","Prepared"],"picked":"Infinite Blades","floor":5},{"not_picked":["Deflect","Finisher"],"picked":"Dash","floor":7},{"not_picked":["Dodge and Roll","Reflex"],"picked":"Dagger Spray","floor":8},{"not_picked":["Night Terror","Eviscerate"],"picked":"Cloak And Dagger","floor":12},{"not_picked":["Deflect","Dagger Throw"],"picked":"PiercingWail","floor":14},{"not_picked":["Glass Knife","Adrenaline"],"picked":"After Image","floor":16},{"not_picked":["Prepared","Quick Slash"],"picked":"Blur","floor":18},{"not_picked":["Underhanded Strike+1","Bane","Outmaneuver"],"picked":"SKIP","floor":20},{"not_picked":["Outmaneuver","Calculated Gamble"],"picked":"Dodge and Roll","floor":21},{"not_picked":["All Out Attack","Skewer","Infinite Blades"],"picked":"SKIP","floor":24},{"not_picked":["Cloak And Dagger","Dash","Prepared"],"picked":"Dodge and Roll","floor":27},{"not_picked":["Dodge and Roll+1","Deflect","Tools of the Trade","Heel Hook"],"picked":"SKIP","floor":28},{"not_picked":["Quick Slash","Dagger Throw","Riddle With Holes"],"picked":"Crippling Poison","floor":29},{"not_picked":["Tools of the Trade","Wraith Form v2","Unload"],"picked":"Malaise","floor":33},{"not_picked":["Prepared","Reflex+1","Outmaneuver"],"picked":"Deflect","floor":35},{"not_picked":["Masterful Stab","Flying Knee","Prepared"],"picked":"Footwork","floor":37},{"not_picked":["Quick Slash","Poisoned Stab","Infinite Blades"],"picked":"PiercingWail","floor":41},{"not_picked":["Dash","Dodge and Roll","Leg Sweep"],"picked":"PiercingWail+1","floor":42},{"not_picked":["Distraction","Flechettes","Skewer"],"picked":"Footwork","floor":47},{"not_picked":["Well Laid Plans+1","Flying Knee","Choke+1"],"picked":"Dodge and Roll","floor":48},{"not_picked":["Acrobatics","Bane+1","Dodge and Roll"],"picked":"Leg Sweep","floor":55}],"player_experience":4901299,"relics_obtained":[{"floor":7,"key":"Vajra"},{"floor":9,"key":"Gremlin Horn"},{"floor":12,"key":"Gambling Chip"},{"floor":14,"key":"Tiny Chest"},{"floor":19,"key":"Red Mask"},{"floor":24,"key":"Anchor"},{"floor":26,"key":"Question Card"},{"floor":31,"key":"Girya"},{"floor":31,"key":"Shuriken"},{"floor":41,"key":"Art of War"},{"floor":43,"key":"Pantograph"},{"floor":46,"key":"Pocketwatch"},{"floor":47,"key":"Regal Pillow"},{"floor":55,"key":"Boot"}],"event_choices":[{"cards_removed":["Strike_G"],"damage_healed":0,"gold_gain":0,"player_choice":"Card Removal","damage_taken":7,"max_hp_gain":0,"max_hp_loss":0,"event_name":"Golden Wing","floor":3,"gold_loss":0},{"damage_healed":0,"gold_gain":0,"player_choice":"Rummage","damage_taken":0,"relics_obtained":["WarpedTongs"],"max_hp_gain":0,"max_hp_loss":0,"event_name":"Accursed Blacksmith","floor":4,"gold_loss":0,"cards_obtained":["Pain"]},{"damage_healed":0,"gold_gain":0,"player_choice":"Fought Bandits","damage_taken":0,"max_hp_gain":0,"max_hp_loss":0,"event_name":"Masked Bandits","floor":19,"gold_loss":0},{"damage_healed":0,"gold_gain":0,"player_choice":"Fight","damage_taken":0,"max_hp_gain":0,"max_hp_loss":0,"event_name":"Colosseum","floor":31,"gold_loss":0},{"damage_healed":0,"gold_gain":0,"player_choice":"Fought Nobs","damage_taken":0,"max_hp_gain":0,"max_hp_loss":0,"event_name":"Colosseum","floor":31,"gold_loss":0},{"damage_healed":0,"gold_gain":0,"player_choice":"Upgraded","damage_taken":0,"max_hp_gain":0,"max_hp_loss":0,"event_name":"Upgrade Shrine","floor":36,"gold_loss":0,"cards_upgraded":["After Image"]},{"damage_healed":0,"gold_gain":222,"player_choice":"Wore Mask","damage_taken":0,"max_hp_gain":0,"max_hp_loss":0,"event_name":"Tomb of Lord Red Mask","floor":45,"gold_loss":0}],"is_beta":true,"boss_relics":[{"not_picked":["Tiny House","Calling Bell"],"picked":"Pandora\u0027s Box"},{"not_picked":["Snecko Eye","WristBlade"],"picked":"Runic Pyramid"}],"items_purged_floors":[11,38,54],"is_endless":false,"potions_floor_spawned":[1,5,7,14,16,20,28,29,33,37,42,55],"ascension_level":20}