{"gold_per_floor":[116,116,130,154,79,79,110,110,133,158,202,202,227,327,327,327],"floor_reached":16,"playtime":1075,"items_purged":["Strike_R"],"score":220,"play_id":"8027dfaa-eb92-491e-b6f0-9ae04532e038","local_time":"20190217143531","is_ascension_mode":true,"campfire_choices":[{"data":"Anger","floor":6,"key":"SMITH"},{"data":"Shrug It Off","floor":8,"key":"SMITH"},{"data":"Shrug It Off","floor":12,"key":"SMITH"},{"floor":15,"key":"REST"}],"neow_cost":"NONE","seed_source_timestamp":200265070349400,"circlet_count":0,"master_deck":["AscendersBane","Strike_R","Strike_R","Strike_R","Strike_R","Defend_R","Defend_R","Defend_R","Defend_R","Bash+1","Anger+1","Thunderclap","Shrug It Off+1","Shrug It Off+1","Disarm","Cleave"],"relics":["Burning Blood","Golden Idol","Orichalcum","Omamori","Centennial Puzzle"],"potions_floor_usage":[7,11,16],"damage_taken":[{"damage":14,"enemies":"Small Slimes","floor":1,"turns":4},{"damage":6,"enemies":"2 Louse","floor":3,"turns":3},{"damage":1,"enemies":"Cultist","floor":4,"turns":3},{"damage":22,"enemies":"Lagavulin","floor":7,"turns":6},{"damage":2,"enemies":"3 Louse","floor":10,"turns":4},{"damage":20,"enemies":"3 Sentries","floor":11,"turns":10},{"damage":23,"enemies":"Exordium Wildlife","floor":13,"turns":4},{"damage":57,"enemies":"Slime Boss","floor":16,"turns":8}],"seed_played":"8989675500179447018","potions_obtained":[{"floor":3,"key":"Fire Potion"},{"floor":4,"key":"Explosive Potion"},{"floor":11,"key":"Weak Potion"}],"is_trial":false,"path_per_floor":["M","?","M","M","$","R","E","R","T","M","E","R","M","?","R","B"],"character_chosen":"IRONCLAD","items_purchased":[],"campfire_rested":1,"item_purchase_floors":[],"current_hp_per_floor":[60,60,60,65,65,65,49,49,49,53,39,39,22,22,42,0],"gold":327,"neow_bonus":"UPGRADE_CARD","is_prod":false,"is_daily":false,"chose_seed":false,"campfire_upgraded":3,"win_rate":0,"timestamp":1550442931,"path_taken":["M","?","M","M","$","R","E","R","T","M","E","R","M","?","R","BOSS"],"build_version":"2019-02-06","purchased_purges":1,"victory":false,"max_hp_per_floor":[75,68,68,68,68,68,68,68,68,68,68,68,68,68,68,68],"card_choices":[{"not_picked":["Heavy Blade","Rage"],"picked":"Anger","floor":1},{"not_picked":["Blood for Blood","Burning Pact"],"picked":"Thunderclap","floor":3},{"not_picked":["Clash","Evolve"],"picked":"Shrug It Off","floor":4},{"not_picked":["Heavy Blade","Perfected Strike","Thunderclap"],"picked":"SKIP","floor":7},{"not_picked":["Heavy Blade","Reckless Charge"],"picked":"Shrug It Off","floor":10},{"not_picked":["Havoc","Body Slam"],"picked":"Disarm","floor":11},{"not_picked":["Shrug It Off","Flex"],"picked":"Cleave","floor":13}],"player_experience":4854796,"relics_obtained":[{"floor":7,"key":"Orichalcum"},{"floor":9,"key":"Omamori"},{"floor":11,"key":"Centennial Puzzle"}],"event_choices":[{"damage_healed":0,"gold_gain":0,"player_choice":"Lose Max HP","damage_taken":0,"relics_obtained":["Golden Idol"],"max_hp_gain":0,"max_hp_loss":7,"event_name":"Golden Idol","floor":2,"gold_loss":0},{"damage_healed":0,"gold_gain":100,"player_choice":"Gold","damage_taken":0,"max_hp_gain":0,"max_hp_loss":0,"event_name":"Wheel of Change","floor":14,"gold_loss":0}],"is_beta":true,"boss_relics":[],"items_purged_floors":[5],"is_endless":false,"potions_floor_spawned":[3,4,11],"killed_by":"Slime Boss","ascension_level":20}