{"gold_per_floor":[116,41,59,59,59,90,90,90,141,141,159,189,189,214,214,288,288,301,317,317,4,4,4,4,104,104,123,123,152,185,210,222,313,325,347,359,23,34,48,48,81,81,81,115,144,144,164,179,179,179,179,179,179,41,69,69],"floor_reached":56,"playtime":3811,"items_purged":["Strike_R"],"score":2064,"play_id":"c5ca68fd-fd63-46b1-bed9-978aa26ed872","local_time":"20190213152933","is_ascension_mode":true,"campfire_choices":[{"data":"Bash","floor":7,"key":"SMITH"},{"data":"Disarm","floor":10,"key":"SMITH"},{"data":"Shrug It Off","floor":13,"key":"SMITH"},{"floor":15,"key":"REST"},{"data":"J.A.X.","floor":23,"key":"SMITH"},{"floor":28,"key":"REST"},{"data":"Heavy Blade","floor":32,"key":"SMITH"},{"data":"Offering","floor":40,"key":"SMITH"},{"floor":42,"key":"RECALL"},{"data":"Heavy Blade","floor":49,"key":"SMITH"},{"data":"Spot Weakness","floor":53,"key":"SMITH"}],"neow_cost":"NONE","seed_source_timestamp":253785927826994,"circlet_count":0,"master_deck":["AscendersBane","Strike_R+1","Strike_R","Defend_R","Defend_R","Defend_R","Defend_R","Bash+1","Carnage+1","Disarm","Disarm+1","Shrug It Off+1","Infernal Blade","Offering+1","Shockwave","Headbutt","J.A.X.+1","Cleave","Reaper+1","Pommel Strike+1","Heavy Blade+1","Fiend Fire","Spot Weakness+1","Uppercut","Warcry+1","Injury","Brutality","Heavy Blade+1","Iron Wave+1","Battle Trance","Battle Trance"],"relics":["Burning Blood","PreservedInsect","Potion Belt","Regal Pillow","Sundial","The Courier","Cursed Key","Bottled Lightning","WingedGreaves","Ornamental Fan","Meat on the Bone","Happy Flower","Boot","MawBank","Runic Cube","Champion Belt","Du-Vu Doll","Bottled Flame","Whetstone","Strawberry","Vajra"],"potions_floor_usage":[16,16,19,25,33,33,45,55,56,56,56,56],"damage_taken":[{"damage":7,"enemies":"2 Louse","floor":1,"turns":4},{"damage":7,"enemies":"Jaw Worm","floor":3,"turns":3},{"damage":8,"enemies":"Gremlin Nob","floor":6,"turns":3},{"damage":6,"enemies":"Small Slimes","floor":11,"turns":3},{"damage":32,"enemies":"3 Sentries","floor":12,"turns":11},{"damage":19,"enemies":"Gremlin Nob","floor":14,"turns":4},{"damage":23,"enemies":"Slime Boss","floor":16,"turns":7},{"damage":15,"enemies":"3 Byrds","floor":18,"turns":7},{"damage":32,"enemies":"Spheric Guardian","floor":19,"turns":6},{"damage":18,"enemies":"Colosseum Slavers","floor":25,"turns":5},{"damage":6,"enemies":"Colosseum Nobs","floor":25,"turns":2},{"damage":13,"enemies":"Centurion and Healer","floor":27,"turns":5},{"damage":28,"enemies":"Book of Stabbing","floor":29,"turns":5},{"damage":30,"enemies":"Gremlin Leader","floor":30,"turns":3},{"damage":11,"enemies":"Book of Stabbing","floor":31,"turns":3},{"damage":76,"enemies":"Automaton","floor":33,"turns":8},{"damage":20,"enemies":"3 Shapes","floor":35,"turns":3},{"damage":25,"enemies":"Orb Walker","floor":38,"turns":3},{"damage":23,"enemies":"Writhing Mass","floor":39,"turns":6},{"damage":45,"enemies":"Reptomancer","floor":41,"turns":3},{"damage":12,"enemies":"Nemesis","floor":44,"turns":1},{"damage":16,"enemies":"Giant Head","floor":45,"turns":4},{"damage":20,"enemies":"Jaw Worm Horde","floor":47,"turns":4},{"damage":9,"enemies":"4 Shapes","floor":48,"turns":4},{"damage":61,"enemies":"Time Eater","floor":50,"turns":8},{"damage":99,"enemies":"Awakened One","floor":51,"turns":9},{"damage":63,"enemies":"Shield and Spear","floor":55,"turns":6},{"damage":63,"enemies":"The Heart","floor":56,"turns":2}],"seed_played":"7505045247080273174","potions_obtained":[{"floor":1,"key":"Energy Potion"},{"floor":6,"key":"Dexterity Potion"},{"floor":11,"key":"Energy Potion"},{"floor":18,"key":"Ancient Potion"},{"floor":29,"key":"Swift Potion"},{"floor":31,"key":"GamblersBrew"},{"floor":35,"key":"SteroidPotion"},{"floor":47,"key":"Block Potion"},{"floor":55,"key":"Fire Potion"}],"is_trial":false,"path_per_floor":["M","?","M","?","?","E","R","?","T","R","M","E","R","E","R","B",null,"M","M","?","$","?","R","$","?","T","M","R","E","E","E","R","B",null,"M","?","$","M","M","R","E","R","T","E","E","?","M","M","R","B","B",null,"R","$","E","B"],"character_chosen":"IRONCLAD","items_purchased":["Bottled Lightning","AttackPotion","Champion Belt","Dexterity Potion","Dexterity Potion","Strawberry"],"campfire_rested":2,"item_purchase_floors":[21,21,37,37,37,54],"current_hp_per_floor":[67,67,66,66,59,57,57,62,62,62,62,36,36,23,62,45,71,62,36,36,36,36,36,36,24,24,29,68,58,59,54,54,21,65,78,78,78,66,60,60,50,50,50,56,58,58,58,80,80,49,24,66,66,73,47,0],"gold":69,"neow_bonus":"RANDOM_COMMON_RELIC","is_prod":false,"is_daily":false,"chose_seed":false,"campfire_upgraded":8,"win_rate":0,"timestamp":1550100573,"path_taken":["M","?","M","?","?","E","R","?","T","R","M","E","R","E","R","BOSS","M","M","?","$","?","R","?","?","T","M","R","E","E","E","R","BOSS","M","?","$","?","?","R","E","R","T","E","E","?","M","M","R","BOSS","BOSS","R","$","E","BOSS"],"build_version":"2019-02-06","purchased_purges":1,"victory":false,"max_hp_per_floor":[75,75,75,75,75,75,75,80,80,80,80,80,80,80,80,80,80,80,80,80,80,80,80,80,80,80,80,80,80,80,80,80,80,80,80,80,80,80,80,80,80,80,80,80,80,80,80,80,80,80,80,80,80,87,87,87],"card_choices":[{"not_picked":["Cleave","Fire Breathing"],"picked":"Carnage","floor":1},{"not_picked":["Clothesline","Clash"],"picked":"Disarm","floor":3},{"not_picked":["Dual Wield","Thunderclap"],"picked":"Disarm","floor":6},{"not_picked":["Rupture","Armaments"],"picked":"Shrug It Off","floor":11},{"not_picked":["Rage","Armaments","Ghostly Armor"],"picked":"SKIP","floor":12},{"not_picked":["Sword Boomerang","Entrench"],"picked":"Infernal Blade","floor":14},{"not_picked":["Limit Break","Berserk"],"picked":"Offering","floor":16},{"not_picked":["Armaments","Wild Strike"],"picked":"Shockwave","floor":18},{"not_picked":["Iron Wave","Thunderclap"],"picked":"Headbutt","floor":19},{"not_picked":["Clothesline","Headbutt"],"picked":"Burning Pact","floor":25},{"not_picked":["Ghostly Armor","Evolve"],"picked":"Cleave","floor":27},{"not_picked":["Spot Weakness","Dropkick"],"picked":"Reaper","floor":29},{"not_picked":["Havoc+1","Heavy Blade"],"picked":"Pommel Strike+1","floor":30},{"not_picked":["Thunderclap","Intimidate"],"picked":"Heavy Blade","floor":31},{"not_picked":["Double Tap","Berserk"],"picked":"Fiend Fire","floor":33},{"not_picked":["Sword Boomerang","Thunderclap"],"picked":"Spot Weakness","floor":35},{"not_picked":["Body Slam+1","Pommel Strike","Cleave+1"],"picked":"SKIP","floor":38},{"not_picked":["Sword Boomerang","Intimidate+1"],"picked":"Uppercut","floor":39},{"not_picked":["Corruption","True Grit"],"picked":"Warcry+1","floor":41},{"not_picked":["Clothesline","Fire Breathing"],"picked":"Brutality","floor":44},{"not_picked":["Hemokinesis","Warcry"],"picked":"Heavy Blade","floor":45},{"not_picked":["Shockwave","Rampage"],"picked":"Iron Wave+1","floor":47},{"not_picked":["Combust+1","Carnage"],"picked":"Battle Trance","floor":48},{"not_picked":["Rampage+1","Feed"],"picked":"Battle Trance","floor":55}],"player_experience":4796786,"relics_obtained":[{"floor":6,"key":"Potion Belt"},{"floor":9,"key":"Regal Pillow"},{"floor":12,"key":"Sundial"},{"floor":14,"key":"The Courier"},{"floor":25,"key":"WingedGreaves"},{"floor":25,"key":"Ornamental Fan"},{"floor":26,"key":"Meat on the Bone"},{"floor":29,"key":"Happy Flower"},{"floor":30,"key":"Boot"},{"floor":31,"key":"MawBank"},{"floor":41,"key":"Du-Vu Doll"},{"floor":44,"key":"Bottled Flame"},{"floor":45,"key":"Whetstone"},{"floor":55,"key":"Vajra"}],"event_choices":[{"cards_removed":["Strike_R"],"damage_healed":0,"gold_gain":0,"player_choice":"Card Removal","damage_taken":0,"max_hp_gain":0,"max_hp_loss":0,"event_name":"The Cleric","floor":2,"gold_loss":75},{"damage_healed":0,"gold_gain":0,"player_choice":"Grow","damage_taken":0,"max_hp_gain":0,"max_hp_loss":0,"event_name":"Living Wall","floor":4,"gold_loss":0,"cards_upgraded":["Carnage"]},{"cards_removed":["Strike_R"],"damage_healed":0,"gold_gain":0,"player_choice":"Card Removal","damage_taken":7,"max_hp_gain":0,"max_hp_loss":0,"event_name":"Golden Wing","floor":5,"gold_loss":0},{"damage_healed":0,"gold_gain":0,"player_choice":"Donut","damage_taken":0,"max_hp_gain":5,"max_hp_loss":0,"event_name":"Big Fish","floor":8,"gold_loss":0},{"damage_healed":0,"gold_gain":0,"player_choice":"Obtain J.A.X.","damage_taken":0,"max_hp_gain":0,"max_hp_loss":0,"event_name":"Drug Dealer","floor":20,"gold_loss":0,"cards_obtained":["J.A.X."]},{"damage_healed":0,"gold_gain":0,"player_choice":"Ignored","damage_taken":0,"max_hp_gain":0,"max_hp_loss":0,"event_name":"The Mausoleum","floor":22,"gold_loss":0},{"damage_healed":0,"gold_gain":0,"player_choice":"Fight","damage_taken":0,"max_hp_gain":0,"max_hp_loss":0,"event_name":"Colosseum","floor":25,"gold_loss":0},{"damage_healed":0,"gold_gain":0,"player_choice":"Fought Nobs","damage_taken":0,"max_hp_gain":0,"max_hp_loss":0,"event_name":"Colosseum","floor":25,"gold_loss":0},{"cards_removed":["Injury"],"damage_healed":0,"gold_gain":0,"player_choice":"Removed Curses","damage_taken":0,"max_hp_gain":0,"max_hp_loss":0,"event_name":"Fountain of Cleansing","floor":36,"gold_loss":0},{"cards_removed":["Burning Pact"],"damage_healed":0,"gold_gain":0,"player_choice":"Removed Skill","damage_taken":0,"max_hp_gain":0,"max_hp_loss":0,"event_name":"Falling","floor":46,"gold_loss":0}],"is_beta":true,"boss_relics":[{"not_picked":["Sozu","Mark of Pain"],"picked":"Cursed Key"},{"not_picked":["Coffee Dripper","Black Blood"],"picked":"Runic Cube"}],"items_purged_floors":[21],"is_endless":false,"potions_floor_spawned":[1,6,11,18,25,29,31,35,39,44,47,55],"killed_by":"The Heart","ascension_level":20}