{"gold_per_floor":[110,75,75,90,106,106,381,381,461,461,480,137,166,176,176,255,255,274,274,274,99,144,156,193,220,258,288,327,339,351,395,407,492,504,530,102,113,113,113,145,145,178,178,211,59,59,73,73,73,73,73,73,73,23,48,48],"floor_reached":57,"playtime":4842,"items_purged":["Regret","Strike_G","Strike_G"],"score":2934,"play_id":"3c9ee132-fdac-4ad7-9c30-7103547c9f32","local_time":"20190220184447","is_ascension_mode":true,"campfire_choices":[{"data":"Die Die Die","floor":6,"key":"SMITH"},{"data":"Footwork","floor":8,"key":"SMITH"},{"data":"Neutralize","floor":10,"key":"SMITH"},{"data":"Dagger Spray","floor":15,"key":"SMITH"},{"data":"A Thousand Cuts","floor":23,"key":"SMITH"},{"floor":30,"key":"REST"},{"data":"Noxious Fumes","floor":32,"key":"SMITH"},{"data":"Catalyst","floor":41,"key":"SMITH"},{"data":"Wraith Form v2","floor":46,"key":"SMITH"},{"floor":49,"key":"RECALL"},{"floor":53,"key":"REST"}],"neow_cost":"PERCENT_DAMAGE","seed_source_timestamp":470612054429638,"circlet_count":0,"master_deck":["AscendersBane","Defend_G+1","Defend_G","Defend_G+1","Defend_G","Defend_G","Strike_G","Survivor","Neutralize+1","Die Die Die+1","Footwork+1","Well Laid Plans","Adrenaline","Poisoned Stab","Dagger Spray+1","Deadly Poison","A Thousand Cuts+1","Slice+1","Footwork","Noxious Fumes+1","Backstab","PiercingWail+1","Unload","Malaise","Footwork+1","Catalyst+1","Escape Plan","Good Instincts","Good Instincts","Cloak And Dagger+1","Crippling Poison","Wraith Form v2+1","Acrobatics","Panacea","Backflip","Deadly Poison"],"relics":["Ring of the Snake","Matryoshka","Mercury Hourglass","War Paint","Runic Pyramid","MawBank","Blood Vial","Ninja Scroll","Dodecahedron","Omamori","Happy Flower","Letter Opener","Sozu","Kunai","PreservedInsect","Meat on the Bone","Art of War","WarpedTongs","Centennial Puzzle"],"potions_floor_usage":[16,16,24,28,31,33],"damage_taken":[{"damage":0,"enemies":"2 Louse","floor":1,"turns":1},{"damage":1,"enemies":"Jaw Worm","floor":4,"turns":5},{"damage":0,"enemies":"Cultist","floor":5,"turns":5},{"damage":0,"enemies":"2 Fungi Beasts","floor":11,"turns":3},{"damage":33,"enemies":"Gremlin Nob","floor":13,"turns":5},{"damage":0,"enemies":"Red Slaver","floor":14,"turns":3},{"damage":23,"enemies":"Slime Boss","floor":16,"turns":12},{"damage":0,"enemies":"Chosen","floor":18,"turns":5},{"damage":30,"enemies":"Book of Stabbing","floor":24,"turns":6},{"damage":3,"enemies":"2 Thieves","floor":25,"turns":4},{"damage":0,"enemies":"Centurion and Healer","floor":27,"turns":5},{"damage":0,"enemies":"Gremlin Leader","floor":28,"turns":6},{"damage":18,"enemies":"Slavers","floor":31,"turns":4},{"damage":22,"enemies":"Champ","floor":33,"turns":14},{"damage":0,"enemies":"Orb Walker","floor":35,"turns":3},{"damage":0,"enemies":"3 Shapes","floor":37,"turns":3},{"damage":33,"enemies":"Nemesis","floor":40,"turns":7},{"damage":3,"enemies":"Giant Head","floor":42,"turns":8},{"damage":0,"enemies":"Nemesis","floor":44,"turns":5},{"damage":0,"enemies":"Maw","floor":47,"turns":7},{"damage":3,"enemies":"Donu and Deca","floor":50,"turns":15},{"damage":16,"enemies":"Time Eater","floor":51,"turns":15},{"damage":0,"enemies":"Shield and Spear","floor":55,"turns":8},{"damage":46,"enemies":"The Heart","floor":56,"turns":12}],"seed_played":"8380418743281011098","potions_obtained":[{"floor":5,"key":"SmokeBomb"},{"floor":11,"key":"Regen Potion"},{"floor":13,"key":"EntropicBrew"},{"floor":24,"key":"Poison Potion"},{"floor":28,"key":"Explosive Potion"}],"is_trial":false,"path_per_floor":["M","?","?","M","M","R","?","R","T","R","M","$","E","M","R","B",null,"M","?","$","$","T","R","E","M","T","M","E","?","R","E","R","B",null,"M","$","M","?","?","E","R","E","T","E","$","R","M","?","R","B","B",null,"R","$","E","B",null],"character_chosen":"THE_SILENT","items_purchased":["Mercury Hourglass","Footwork","Catalyst","Kunai","Acrobatics","Panacea","Backflip"],"campfire_rested":2,"item_purchase_floors":[12,21,36,36,45,45,54],"current_hp_per_floor":[44,60,60,59,59,59,59,59,59,59,59,59,26,26,26,18,54,54,54,54,54,54,54,26,25,25,27,29,29,48,32,32,12,53,55,55,57,66,56,25,25,24,24,38,38,38,40,40,40,39,37,59,66,66,66,32],"gold":48,"neow_bonus":"THREE_RARE_CARDS","is_prod":false,"is_daily":false,"chose_seed":false,"campfire_upgraded":8,"win_rate":0,"timestamp":1550717087,"path_taken":["M","?","?","M","?","R","?","R","T","R","M","$","E","?","R","BOSS","M","?","?","$","?","R","E","M","T","M","E","?","R","E","R","BOSS","M","$","M","?","?","E","R","E","T","E","$","R","M","?","R","BOSS","BOSS","R","$","E","BOSS"],"build_version":"2019-02-06","purchased_purges":3,"victory":true,"max_hp_per_floor":[66,66,66,66,66,66,66,66,66,66,66,66,66,66,66,66,66,66,66,66,66,66,66,66,66,66,66,66,66,66,66,66,66,66,66,66,66,66,66,66,66,66,66,66,66,66,66,66,66,66,66,66,66,66,66,66],"card_choices":[{"not_picked":["Storm of Steel","A Thousand Cuts"],"picked":"Die Die Die","floor":0},{"not_picked":["Underhanded Strike","Leg Sweep"],"picked":"Footwork","floor":1},{"not_picked":["Skewer","Bane"],"picked":"Well Laid Plans","floor":4},{"not_picked":["Acrobatics","Footwork"],"picked":"Adrenaline","floor":5},{"not_picked":["Prepared","Underhanded Strike"],"picked":"Poisoned Stab","floor":11},{"not_picked":["Prepared","Cloak And Dagger"],"picked":"Dagger Spray","floor":13},{"not_picked":["Blade Dance","Cloak And Dagger"],"picked":"Deadly Poison","floor":14},{"not_picked":["Phantasmal Killer","Grand Finale"],"picked":"A Thousand Cuts","floor":16},{"not_picked":["Finisher","Well Laid Plans"],"picked":"Slice+1","floor":18},{"not_picked":["Riddle With Holes","Flying Knee"],"picked":"Noxious Fumes","floor":24},{"not_picked":["Masterful Stab+1","Outmaneuver"],"picked":"Backstab","floor":25},{"not_picked":["Blade Dance","Dagger Spray","Setup"],"picked":"SKIP","floor":27},{"not_picked":["Dagger Throw+1","Skewer"],"picked":"PiercingWail+1","floor":28},{"not_picked":["Predator","Phantasmal Killer","Dagger Throw"],"picked":"SKIP","floor":31},{"not_picked":["Doppelganger","Phantasmal Killer"],"picked":"Malaise","floor":33},{"not_picked":["PiercingWail","Outmaneuver"],"picked":"Footwork+1","floor":35},{"not_picked":["Eviscerate","Quick Slash"],"picked":"Escape Plan","floor":37},{"not_picked":["Magnetism","Mind Blast"],"picked":"Good Instincts","floor":39},{"not_picked":["Discovery","Trip"],"picked":"Good Instincts","floor":39},{"not_picked":["Flying Knee","Prepared"],"picked":"Cloak And Dagger+1","floor":40},{"not_picked":["Venomology","Quick Slash"],"picked":"Crippling Poison","floor":42},{"not_picked":["Slice","Riddle With Holes"],"picked":"Wraith Form v2","floor":44},{"not_picked":["Concentrate+1","Predator","Infinite Blades+1"],"picked":"SKIP","floor":47},{"not_picked":["Dagger Spray","Outmaneuver+1"],"picked":"Deadly Poison","floor":55}],"player_experience":4881131,"relics_obtained":[{"floor":9,"key":"Matryoshka"},{"floor":13,"key":"War Paint"},{"floor":22,"key":"MawBank"},{"floor":22,"key":"Blood Vial"},{"floor":24,"key":"Ninja Scroll"},{"floor":26,"key":"Dodecahedron"},{"floor":26,"key":"Omamori"},{"floor":28,"key":"Happy Flower"},{"floor":31,"key":"Letter Opener"},{"floor":40,"key":"PreservedInsect"},{"floor":42,"key":"Meat on the Bone"},{"floor":44,"key":"Art of War"},{"floor":55,"key":"Centennial Puzzle"}],"event_choices":[{"damage_healed":16,"gold_gain":0,"player_choice":"Healed","damage_taken":0,"max_hp_gain":0,"max_hp_loss":0,"event_name":"The Cleric","floor":2,"gold_loss":35},{"cards_removed":["Strike_G"],"damage_healed":0,"gold_gain":0,"player_choice":"Card Removal","damage_taken":0,"max_hp_gain":0,"max_hp_loss":0,"event_name":"Wheel of Change","floor":3,"gold_loss":0},{"damage_healed":0,"gold_gain":275,"player_choice":"Desecrate","damage_taken":0,"max_hp_gain":0,"max_hp_loss":0,"event_name":"Golden Shrine","floor":7,"gold_loss":0,"cards_obtained":["Regret"]},{"damage_healed":0,"gold_gain":0,"player_choice":"Ignored","damage_taken":0,"max_hp_gain":0,"max_hp_loss":0,"event_name":"N\u0027loth","floor":19,"gold_loss":0},{"damage_healed":0,"gold_gain":0,"cards_transformed":["Strike_G"],"player_choice":"Transformed","damage_taken":0,"max_hp_gain":0,"max_hp_loss":0,"event_name":"Transmorgrifier","floor":29,"gold_loss":0,"cards_obtained":["Unload"]},{"damage_healed":13,"gold_gain":0,"player_choice":"Writhe","damage_taken":0,"max_hp_gain":0,"max_hp_loss":0,"event_name":"Winding Halls","floor":38,"gold_loss":0,"cards_obtained":["Writhe"]},{"damage_healed":0,"gold_gain":0,"player_choice":"Memory 3","damage_taken":10,"max_hp_gain":0,"max_hp_loss":0,"event_name":"SensoryStone","floor":39,"gold_loss":0},{"damage_healed":0,"gold_gain":0,"player_choice":"Rummage","damage_taken":0,"relics_obtained":["WarpedTongs"],"max_hp_gain":0,"max_hp_loss":0,"event_name":"Accursed Blacksmith","floor":48,"gold_loss":0,"cards_obtained":["Pain"]}],"is_beta":true,"boss_relics":[{"not_picked":["Philosopher\u0027s Stone","HoveringKite"],"picked":"Runic Pyramid"},{"not_picked":["Orrery","Ring of the Serpent"],"picked":"Sozu"}],"items_purged_floors":[12,21,36],"is_endless":false,"potions_floor_spawned":[5,11,13,24,28,42,44,47,55],"ascension_level":20}