{"gold_per_floor":[110,53,53,73,93,93,107,135,135,135,148,148,168,202,202,279,279,290,290,340,0,0,20,20,32,32,32,49,49,21,49,49,126,126,146,146,160,160,176,176,176,231,231,50,78,78,78,93,93,93,93,93,93,9,41,41],"floor_reached":57,"playtime":6822,"items_purged":["Bite"],"score":2666,"play_id":"cd8c08db-5d9d-4e44-b831-286fd310dcce","local_time":"20190221180021","is_ascension_mode":true,"campfire_choices":[{"data":"Bash","floor":6,"key":"SMITH"},{"data":"Armaments","floor":10,"key":"SMITH"},{"floor":12,"key":"REST"},{"data":"Offering","floor":15,"key":"SMITH"},{"floor":27,"key":"REST"},{"data":"Whirlwind","floor":29,"key":"SMITH"},{"data":"True Grit","floor":32,"key":"SMITH"},{"data":"True Grit","floor":41,"key":"SMITH"},{"floor":47,"key":"RECALL"},{"data":"Feel No Pain","floor":49,"key":"SMITH"},{"data":"Feel No Pain","floor":53,"key":"SMITH"}],"neow_cost":"NONE","seed_source_timestamp":41389764692316,"circlet_count":0,"master_deck":["AscendersBane","Defend_R","Defend_R","Defend_R","Defend_R","Bash+1","Clothesline","Armaments+1","Twin Strike","Shrug It Off","Offering+1","Spot Weakness","Feel No Pain+1","Dark Embrace","Exhume","Combust","Necronomicurse","Anger","Bite","Bite","Bite","Bite","Whirlwind+1","Feed","True Grit+1","Reaper","Heavy Blade+1","True Grit+1","Warcry+1","Dark Shackles","Dark Shackles","Feel No Pain+1","Corruption","True Grit","Spot Weakness","Headbutt+1"],"relics":["Burning Blood","Bottled Lightning","Pantograph","PreservedInsect","Runic Pyramid","Necronomicon","Bird Faced Urn","Regal Pillow","Ornamental Fan","Oddly Smooth Stone","Velvet Choker","Peace Pipe","Blue Candle","Art of War","Meat on the Bone","Blood Vial"],"potions_floor_usage":[8,8,16,16,18,33,56,56,56],"damage_taken":[{"damage":16,"enemies":"Jaw Worm","floor":1,"turns":6},{"damage":6,"enemies":"Cultist","floor":4,"turns":4},{"damage":7,"enemies":"Small Slimes","floor":5,"turns":4},{"damage":10,"enemies":"Blue Slaver","floor":7,"turns":4},{"damage":24,"enemies":"Gremlin Nob","floor":8,"turns":4},{"damage":18,"enemies":"Exordium Wildlife","floor":11,"turns":4},{"damage":9,"enemies":"3 Louse","floor":13,"turns":4},{"damage":12,"enemies":"3 Sentries","floor":14,"turns":7},{"damage":35,"enemies":"Slime Boss","floor":16,"turns":14},{"damage":12,"enemies":"2 Thieves","floor":18,"turns":4},{"damage":30,"enemies":"3 Byrds","floor":23,"turns":8},{"damage":29,"enemies":"Sentry and Sphere","floor":25,"turns":7},{"damage":6,"enemies":"Snecko","floor":28,"turns":3},{"damage":50,"enemies":"Gremlin Leader","floor":31,"turns":6},{"damage":41,"enemies":"Champ","floor":33,"turns":14},{"damage":32,"enemies":"Orb Walker","floor":35,"turns":4},{"damage":67,"enemies":"3 Darklings","floor":37,"turns":7},{"damage":6,"enemies":"Sphere and 2 Shapes","floor":39,"turns":5},{"damage":29,"enemies":"2 Orb Walkers","floor":42,"turns":5},{"damage":35,"enemies":"Reptomancer","floor":45,"turns":6},{"damage":26,"enemies":"4 Shapes","floor":48,"turns":11},{"damage":45,"enemies":"Time Eater","floor":50,"turns":13},{"damage":47,"enemies":"Awakened One","floor":51,"turns":19},{"damage":45,"enemies":"Shield and Spear","floor":55,"turns":8},{"damage":110,"enemies":"The Heart","floor":56,"turns":14}],"seed_played":"2676870702563827269","potions_obtained":[{"floor":1,"key":"FairyPotion"},{"floor":3,"key":"Swift Potion"},{"floor":8,"key":"EssenceOfSteel"},{"floor":11,"key":"SneckoOil"},{"floor":16,"key":"Fire Potion"},{"floor":28,"key":"SkillPotion"},{"floor":31,"key":"PowerPotion"},{"floor":35,"key":"EntropicBrew"},{"floor":39,"key":"Weak Potion"}],"is_trial":false,"path_per_floor":["M","$","?","M","M","R","M","E","T","R","M","R","M","E","R","B",null,"M","?","?","$","T","M","?","M","T","R","M","R","$","E","R","B",null,"M","T","M","?","M","?","R","?","T","$","E","T","R","M","R","B","B",null,"R","$","E","B",null],"character_chosen":"IRONCLAD","items_purchased":["Strength Potion","Bird Faced Urn","True Grit","Corruption","True Grit","Spot Weakness"],"campfire_rested":2,"item_purchase_floors":[2,21,30,44,44,54],"current_hp_per_floor":[58,58,58,58,57,57,53,35,35,35,23,45,42,36,36,32,64,58,37,37,37,37,19,19,14,14,44,52,52,52,28,28,48,54,44,44,64,64,71,61,61,76,76,76,83,83,83,91,91,95,103,103,103,103,110,70],"gold":41,"neow_bonus":"REMOVE_CARD","is_prod":false,"is_daily":false,"chose_seed":false,"campfire_upgraded":8,"win_rate":0,"timestamp":1550800821,"path_taken":["M","$","?","M","M","R","M","E","T","R","?","R","M","E","R","BOSS","M","?","?","?","?","M","?","?","T","R","M","R","$","E","R","BOSS","M","?","M","?","M","?","R","?","T","$","E","?","R","M","R","BOSS","BOSS","R","$","E","BOSS"],"build_version":"2019-02-06","purchased_purges":1,"victory":true,"max_hp_per_floor":[75,75,75,75,75,75,75,75,75,75,75,75,75,75,75,75,75,75,75,75,75,75,75,52,52,52,52,52,52,52,56,56,56,56,60,60,64,64,71,71,71,79,79,79,83,83,83,91,91,95,103,103,103,103,110,110],"card_choices":[{"not_picked":["Burning Pact","Sword Boomerang"],"picked":"Clothesline","floor":1},{"not_picked":["Burning Pact","Twin Strike"],"picked":"Armaments","floor":4},{"not_picked":["Perfected Strike","True Grit"],"picked":"Twin Strike","floor":5},{"not_picked":["Bloodletting","Clash"],"picked":"Shrug It Off","floor":7},{"not_picked":["Armaments","Havoc"],"picked":"Offering","floor":8},{"not_picked":["Heavy Blade","Wild Strike"],"picked":"Spot Weakness","floor":11},{"not_picked":["Sword Boomerang","Shrug It Off"],"picked":"Feel No Pain","floor":13},{"not_picked":["Burning Pact","Ghostly Armor"],"picked":"Dark Embrace","floor":14},{"not_picked":["Demon Form","Offering"],"picked":"Exhume","floor":16},{"not_picked":["Twin Strike","Perfected Strike"],"picked":"Combust","floor":18},{"not_picked":["Warcry","Power Through+1"],"picked":"Anger","floor":23},{"not_picked":["Headbutt","Inflame"],"picked":"Whirlwind","floor":25},{"not_picked":["True Grit","Body Slam"],"picked":"Feed","floor":28},{"not_picked":["Clothesline","Combust","Intimidate"],"picked":"SKIP","floor":31},{"not_picked":["Immolate","Juggernaut"],"picked":"Reaper","floor":33},{"not_picked":["Battle Trance","Sword Boomerang"],"picked":"Heavy Blade+1","floor":35},{"not_picked":["Armaments+1","Havoc+1"],"picked":"True Grit","floor":37},{"not_picked":["Armaments+1","Searing Blow"],"picked":"Warcry+1","floor":39},{"not_picked":["Secret Technique","Panacea"],"picked":"Dark Shackles","floor":40},{"not_picked":["Enlightenment","Madness"],"picked":"Dark Shackles","floor":40},{"not_picked":["Sword Boomerang","Whirlwind"],"picked":"Feel No Pain","floor":42},{"not_picked":["Clothesline+1","Evolve","Anger"],"picked":"SKIP","floor":45},{"not_picked":["Perfected Strike","Wild Strike+1","Sword Boomerang"],"picked":"SKIP","floor":48},{"not_picked":["Perfected Strike+1","Armaments"],"picked":"Headbutt+1","floor":55}],"player_experience":4894477,"relics_obtained":[{"floor":8,"key":"Bottled Lightning"},{"floor":9,"key":"Pantograph"},{"floor":14,"key":"PreservedInsect"},{"floor":19,"key":"Necronomicon"},{"floor":22,"key":"Regal Pillow"},{"floor":26,"key":"Ornamental Fan"},{"floor":31,"key":"Oddly Smooth Stone"},{"floor":42,"key":"Peace Pipe"},{"floor":43,"key":"Blue Candle"},{"floor":45,"key":"Art of War"},{"floor":46,"key":"Meat on the Bone"},{"floor":55,"key":"Blood Vial"}],"event_choices":[{"damage_healed":0,"gold_gain":0,"player_choice":"Got Potions","damage_taken":0,"max_hp_gain":0,"max_hp_loss":0,"event_name":"Lab","floor":3,"gold_loss":0},{"damage_healed":0,"gold_gain":0,"player_choice":"Obtained Book","damage_taken":21,"max_hp_gain":0,"max_hp_loss":0,"event_name":"Cursed Tome","floor":19,"gold_loss":0},{"damage_healed":0,"gold_gain":50,"player_choice":"Stole From Cult","damage_taken":0,"max_hp_gain":0,"max_hp_loss":0,"event_name":"Nest","floor":20,"gold_loss":0},{"damage_healed":0,"gold_gain":0,"player_choice":"Became a vampire","damage_taken":0,"max_hp_gain":0,"max_hp_loss":23,"event_name":"Vampires","floor":24,"gold_loss":0,"cards_obtained":["Bite","Bite","Bite","Bite","Bite"]},{"damage_healed":0,"gold_gain":0,"player_choice":"Ignored","damage_taken":0,"max_hp_gain":0,"max_hp_loss":0,"event_name":"Tomb of Lord Red Mask","floor":38,"gold_loss":0},{"damage_healed":0,"gold_gain":0,"player_choice":"Memory 3","damage_taken":10,"max_hp_gain":0,"max_hp_loss":0,"event_name":"SensoryStone","floor":40,"gold_loss":0},{"damage_healed":0,"gold_gain":0,"player_choice":"Fight","damage_taken":0,"max_hp_gain":0,"max_hp_loss":0,"event_name":"Mysterious Sphere","floor":42,"gold_loss":0}],"is_beta":true,"boss_relics":[{"not_picked":["Black Star","Eternal Feather"],"picked":"Runic Pyramid"},{"not_picked":["Calling Bell","Runic Cube"],"picked":"Velvet Choker"}],"items_purged_floors":[44],"is_endless":false,"potions_floor_spawned":[1,8,11,16,28,31,35,39,42],"ascension_level":20}