{"gold_per_floor":[117,37,2,2,2,37,61,96,120,120,136,136,136,177,177,177],"floor_reached":16,"playtime":899,"items_purged":[],"score":282,"play_id":"417ced60-f475-470e-b7ee-1244aea5fdba","local_time":"20190223152728","is_ascension_mode":true,"campfire_choices":[{"data":"Neutralize","floor":10,"key":"SMITH"},{"floor":12,"key":"REST"},{"data":"Dash","floor":15,"key":"SMITH"}],"neow_cost":"NONE","seed_source_timestamp":211003523084511,"circlet_count":0,"master_deck":["AscendersBane","Defend_G","Defend_G","Defend_G","Defend_G","Defend_G","Strike_G","Strike_G","Strike_G","Strike_G","Survivor","Neutralize+1","Dash+1","Dagger Spray","Dagger Throw","Dodge and Roll","Cloak And Dagger","Well Laid Plans"],"relics":["Ring of the Snake","NeowsBlessing","Golden Idol","Strawberry","Ornamental Fan","PreservedInsect","Singing Bowl"],"potions_floor_usage":[8],"damage_taken":[{"damage":0,"enemies":"Jaw Worm","floor":1,"turns":1},{"damage":0,"enemies":"3 Sentries","floor":6,"turns":1},{"damage":0,"enemies":"2 Louse","floor":7,"turns":1},{"damage":36,"enemies":"Lagavulin","floor":8,"turns":6},{"damage":0,"enemies":"Small Slimes","floor":11,"turns":3},{"damage":29,"enemies":"Gremlin Nob","floor":14,"turns":5},{"damage":23,"enemies":"Hexaghost","floor":16,"turns":9}],"seed_played":"-3020072310961092079","potions_obtained":[{"floor":7,"key":"Poison Potion"}],"is_trial":false,"path_per_floor":["M","$","?","?","?","E","M","E","T","R","M","R","?","E","R","B"],"character_chosen":"THE_SILENT","items_purchased":["Dash"],"campfire_rested":1,"item_purchase_floors":[2],"current_hp_per_floor":[59,59,66,60,53,60,60,24,24,24,24,44,49,20,20,0],"gold":177,"neow_bonus":"THREE_ENEMY_KILL","is_prod":false,"is_daily":false,"chose_seed":false,"campfire_upgraded":2,"win_rate":0,"timestamp":1550964448,"path_taken":["M","$","?","?","?","E","M","E","T","R","M","R","?","E","R","BOSS"],"build_version":"2019-02-06","purchased_purges":0,"victory":false,"max_hp_per_floor":[66,66,66,60,60,67,67,67,67,67,67,67,72,72,72,72],"card_choices":[{"not_picked":["Blade Dance","Underhanded Strike","Acrobatics"],"picked":"SKIP","floor":1},{"not_picked":["Underhanded Strike","Heel Hook"],"picked":"Dagger Spray","floor":6},{"not_picked":["Prepared","Bane"],"picked":"Dagger Throw","floor":7},{"not_picked":["Grand Finale","Heel Hook"],"picked":"Dodge and Roll","floor":8},{"not_picked":["Expertise","Sucker Punch"],"picked":"Cloak And Dagger","floor":11},{"not_picked":["Acrobatics","Predator"],"picked":"Well Laid Plans","floor":14}],"player_experience":4919833,"relics_obtained":[{"floor":6,"key":"Strawberry"},{"floor":8,"key":"Ornamental Fan"},{"floor":9,"key":"PreservedInsect"},{"floor":14,"key":"Singing Bowl"}],"event_choices":[{"damage_healed":16,"gold_gain":0,"player_choice":"Healed","damage_taken":0,"max_hp_gain":0,"max_hp_loss":0,"event_name":"The Cleric","floor":3,"gold_loss":35},{"damage_healed":0,"gold_gain":0,"player_choice":"Lose Max HP","damage_taken":0,"relics_obtained":["Golden Idol"],"max_hp_gain":0,"max_hp_loss":6,"event_name":"Golden Idol","floor":4,"gold_loss":0},{"cards_removed":["Strike_G"],"damage_healed":0,"gold_gain":0,"player_choice":"Card Removal","damage_taken":7,"max_hp_gain":0,"max_hp_loss":0,"event_name":"Golden Wing","floor":5,"gold_loss":0},{"damage_healed":0,"gold_gain":0,"player_choice":"Donut","damage_taken":0,"max_hp_gain":5,"max_hp_loss":0,"event_name":"Big Fish","floor":13,"gold_loss":0}],"is_beta":true,"boss_relics":[],"items_purged_floors":[],"is_endless":false,"potions_floor_spawned":[7],"killed_by":"Hexaghost","ascension_level":20}