{"gold_per_floor":[118,193,213,213,0,0,12,12,12,12,12,47,47,82,82,82],"floor_reached":16,"playtime":801,"items_purged":[],"score":212,"play_id":"6721d2fc-ddf9-4f34-9ce3-352cc15385db","local_time":"20190214120806","is_ascension_mode":true,"campfire_choices":[{"data":"Bash","floor":6,"key":"SMITH"},{"data":"Carnage","floor":8,"key":"SMITH"},{"data":"Headbutt","floor":10,"key":"SMITH"},{"floor":13,"key":"REST"},{"floor":15,"key":"REST"}],"neow_cost":"NONE","seed_source_timestamp":6705377562866,"circlet_count":0,"master_deck":["AscendersBane","Strike_R","Strike_R","Strike_R","Strike_R+1","Defend_R","Defend_R","Defend_R","Defend_R","Bash+1","Headbutt+1","Anger+1","Carnage+1","Shrug It Off","Ghostly Armor"],"relics":["Burning Blood","Potion Belt","Toy Ornithopter","Strawberry","Centennial Puzzle","Girya"],"potions_floor_usage":[12,16],"damage_taken":[{"damage":16,"enemies":"Jaw Worm","floor":1,"turns":6},{"damage":4,"enemies":"Small Slimes","floor":3,"turns":4},{"damage":0,"enemies":"Cultist","floor":7,"turns":2},{"damage":35,"enemies":"Lagavulin","floor":12,"turns":5},{"damage":27,"enemies":"3 Sentries","floor":14,"turns":8},{"damage":43,"enemies":"The Guardian","floor":16,"turns":10}],"seed_played":"5297664780786228325","potions_obtained":[{"floor":3,"key":"Ancient Potion"},{"floor":7,"key":"LiquidBronze"}],"is_trial":false,"path_per_floor":["M","?","M","?","$","R","M","R","T","R","?","E","R","E","R","B"],"character_chosen":"IRONCLAD","items_purchased":["Toy Ornithopter"],"campfire_rested":2,"item_purchase_floors":[5],"current_hp_per_floor":[58,47,49,26,26,26,32,32,39,39,32,8,32,11,35,0],"gold":82,"neow_bonus":"RANDOM_COMMON_RELIC","is_prod":false,"is_daily":false,"chose_seed":false,"campfire_upgraded":3,"win_rate":0,"timestamp":1550174886,"path_taken":["M","?","M","?","$","R","M","R","T","R","?","E","R","E","R","BOSS"],"build_version":"2019-02-06","purchased_purges":0,"victory":false,"max_hp_per_floor":[75,75,75,75,75,75,75,75,82,82,82,82,82,82,82,82],"card_choices":[{"not_picked":["True Grit","Armaments"],"picked":"Headbutt","floor":1},{"not_picked":["Pommel Strike","Havoc"],"picked":"Anger","floor":3},{"not_picked":["Armaments","Iron Wave"],"picked":"Carnage","floor":7},{"not_picked":["True Grit","Wild Strike"],"picked":"Shrug It Off","floor":12},{"not_picked":["Anger","Reckless Charge"],"picked":"Ghostly Armor","floor":14}],"player_experience":4812960,"relics_obtained":[{"floor":9,"key":"Strawberry"},{"floor":12,"key":"Centennial Puzzle"},{"floor":14,"key":"Girya"}],"event_choices":[{"damage_healed":0,"gold_gain":75,"player_choice":"Gather Gold","damage_taken":11,"max_hp_gain":0,"max_hp_loss":0,"event_name":"World of Goop","floor":2,"gold_loss":0},{"damage_healed":0,"gold_gain":0,"player_choice":"Entered Light","damage_taken":23,"max_hp_gain":0,"max_hp_loss":0,"event_name":"Shining Light","floor":4,"gold_loss":0,"cards_upgraded":["Anger","Strike_R"]},{"cards_removed":["Strike_R"],"damage_healed":0,"gold_gain":0,"player_choice":"Card Removal","damage_taken":7,"max_hp_gain":0,"max_hp_loss":0,"event_name":"Golden Wing","floor":11,"gold_loss":0}],"is_beta":true,"boss_relics":[],"items_purged_floors":[],"is_endless":false,"potions_floor_spawned":[3,7],"killed_by":"The Guardian","ascension_level":20}