{"gold_per_floor":[114,126,126,126,136,165,165,194,221,90,106,106,106,134,134,208,208,228,228,242,142,158,158,184,196,196,196,68,68],"floor_reached":29,"playtime":1236,"items_purged":["Strike_R","Strike_R"],"score":547,"play_id":"7e21b8b7-2563-4300-8d6c-1b656601b546","local_time":"20190303135527","is_ascension_mode":true,"campfire_choices":[{"data":"Bludgeon","floor":7,"key":"SMITH"},{"data":"Bludgeon","floor":12,"key":"SMITH"},{"data":"Flame Barrier","floor":15,"key":"SMITH"},{"floor":23,"key":"REST"}],"neow_cost":"NONE","seed_source_timestamp":8664664641537,"circlet_count":0,"master_deck":["AscendersBane","Defend_R","Defend_R","Defend_R","Defend_R","Bash+1","Bludgeon+1","Flame Barrier+1","Bludgeon+1","Headbutt","Havoc","Brutality","Second Wind","True Grit","Pommel Strike","Shockwave","Power Through+1","Bite","Bite","Bite","Bite","Bite","Evolve","Battle Trance"],"relics":["Burning Blood","Vajra","Boot","Strawberry","Mummified Hand","Sozu","Shuriken","Nunchaku"],"potions_floor_usage":[6,25],"damage_taken":[{"damage":9,"enemies":"Small Slimes","floor":1,"turns":3},{"damage":7,"enemies":"2 Louse","floor":2,"turns":3},{"damage":2,"enemies":"Jaw Worm","floor":5,"turns":3},{"damage":8,"enemies":"Gremlin Nob","floor":6,"turns":3},{"damage":20,"enemies":"3 Sentries","floor":8,"turns":6},{"damage":10,"enemies":"Lots of Slimes","floor":11,"turns":5},{"damage":6,"enemies":"Gremlin Nob","floor":14,"turns":3},{"damage":6,"enemies":"Slime Boss","floor":16,"turns":6},{"damage":1,"enemies":"Spheric Guardian","floor":18,"turns":2},{"damage":13,"enemies":"2 Thieves","floor":20,"turns":3},{"damage":39,"enemies":"Shelled Parasite and Fungi","floor":22,"turns":4},{"damage":44,"enemies":"Gremlin Leader","floor":24,"turns":5},{"damage":19,"enemies":"Snake Plant","floor":25,"turns":3},{"damage":33,"enemies":"Book of Stabbing","floor":29,"turns":4}],"seed_played":"-390130810533132877","potions_obtained":[{"floor":1,"key":"FearPotion"},{"floor":5,"key":"Weak Potion"},{"floor":6,"key":"AttackPotion"},{"floor":16,"key":"FearPotion"}],"is_trial":false,"path_per_floor":["M","M","?","?","M","E","R","E","T","$","M","R","?","E","R","B",null,"M","?","M","$","M","R","E","M","T","?","$","E"],"character_chosen":"IRONCLAD","items_purchased":["Fire Potion","Evolve","Battle Trance"],"campfire_rested":1,"item_purchase_floors":[10,28,28],"current_hp_per_floor":[65,64,41,46,50,48,48,34,34,34,32,32,39,41,41,43,76,83,83,78,78,47,73,37,26,26,26,26,0],"gold":68,"neow_bonus":"ONE_RANDOM_RARE_CARD","is_prod":false,"is_daily":false,"chose_seed":false,"campfire_upgraded":3,"win_rate":0,"timestamp":1551650127,"path_taken":["M","M","?","?","?","E","R","E","T","?","M","R","?","E","R","BOSS","M","?","?","$","M","R","E","M","T","?","?","E"],"build_version":"2019-02-06","purchased_purges":2,"victory":false,"max_hp_per_floor":[75,75,75,80,80,80,80,80,80,80,80,80,87,87,87,87,87,87,87,87,87,87,87,87,87,87,87,87,87],"card_choices":[{"not_picked":["Warcry","Rupture","Body Slam"],"picked":"SKIP","floor":1},{"not_picked":["Sword Boomerang","Sever Soul"],"picked":"Flame Barrier","floor":2},{"not_picked":["Body Slam","True Grit"],"picked":"Bludgeon","floor":5},{"not_picked":["Juggernaut","Clash"],"picked":"Headbutt","floor":6},{"not_picked":["Sever Soul","Twin Strike","Flex"],"picked":"SKIP","floor":8},{"not_picked":["True Grit","Thunderclap"],"picked":"Havoc","floor":11},{"not_picked":["Rage","Infernal Blade","Armaments"],"picked":"SKIP","floor":14},{"not_picked":["Exhume","Barricade"],"picked":"Brutality","floor":16},{"not_picked":["Bloodletting","Perfected Strike","Heavy Blade"],"picked":"SKIP","floor":18},{"not_picked":["Clash+1","Flex"],"picked":"True Grit","floor":20},{"not_picked":["Juggernaut","Heavy Blade"],"picked":"Pommel Strike","floor":22},{"not_picked":["Berserk","Sword Boomerang"],"picked":"Shockwave","floor":24},{"not_picked":["Clash","Pommel Strike"],"picked":"Power Through+1","floor":25}],"player_experience":5019917,"relics_obtained":[{"floor":6,"key":"Vajra"},{"floor":8,"key":"Boot"},{"floor":9,"key":"Blood Vial"},{"floor":14,"key":"Mummified Hand"},{"floor":24,"key":"Shuriken"},{"floor":26,"key":"Nunchaku"}],"event_choices":[{"damage_healed":0,"gold_gain":0,"player_choice":"Entered Light","damage_taken":23,"max_hp_gain":0,"max_hp_loss":0,"event_name":"Shining Light","floor":3,"gold_loss":0,"cards_upgraded":["Bash","Strike_R"]},{"damage_healed":0,"gold_gain":0,"player_choice":"Donut","damage_taken":0,"max_hp_gain":5,"max_hp_loss":0,"event_name":"Big Fish","floor":4,"gold_loss":0},{"damage_healed":0,"gold_gain":0,"player_choice":"Searched \u00271\u0027 times","damage_taken":0,"relics_obtained":["Strawberry"],"max_hp_gain":0,"max_hp_loss":0,"event_name":"Dead Adventurer","floor":13,"gold_loss":0},{"damage_healed":0,"gold_gain":0,"cards_transformed":["Strike_R"],"player_choice":"Transformed","damage_taken":0,"max_hp_gain":0,"max_hp_loss":0,"event_name":"Transmorgrifier","floor":19,"gold_loss":0,"cards_obtained":["Second Wind"]},{"damage_healed":0,"gold_gain":0,"player_choice":"Became a vampire (Vial)","damage_taken":0,"max_hp_gain":0,"max_hp_loss":0,"event_name":"Vampires","floor":27,"relics_lost":["Blood Vial"],"gold_loss":0,"cards_obtained":["Bite","Bite","Bite","Bite","Bite"]}],"is_beta":true,"boss_relics":[{"not_picked":["Tiny House","Busted Crown"],"picked":"Sozu"}],"items_purged_floors":[10,21],"is_endless":false,"potions_floor_spawned":[1,5,6,8,16,20,25],"killed_by":"Book of Stabbing","ascension_level":20}