{"gold_per_floor":[212,212,223,183,201,201,227,247,247,247,9,9,9,42,42,119,119,132,132,132,145,156,182,182,245,272,298,298,314,314,314,314,392,392,411,230,330,330,26,57,57,82,108,136,136,147,161,190,190,190,190,190,190,26,58,58],"floor_reached":57,"playtime":4801,"items_purged":["Strike_G","Strike_G","Strike_G"],"score":3539,"play_id":"07acdb1b-21f3-4e07-89a7-00af3086f1ac","local_time":"20190224163832","is_ascension_mode":true,"campfire_choices":[{"data":"Neutralize","floor":6,"key":"SMITH"},{"data":"Footwork","floor":10,"key":"SMITH"},{"data":"Corpse Explosion","floor":12,"key":"SMITH"},{"data":"Deadly Poison","floor":15,"key":"SMITH"},{"floor":24,"key":"REST"},{"data":"Footwork","floor":28,"key":"SMITH"},{"data":"Noxious Fumes","floor":30,"key":"SMITH"},{"data":"Survivor","floor":32,"key":"SMITH"},{"floor":45,"key":"RECALL"},{"floor":49,"key":"REST"},{"floor":53,"key":"REST"}],"neow_cost":"NONE","seed_source_timestamp":69793817109551,"circlet_count":0,"master_deck":["AscendersBane","Defend_G","Defend_G","Defend_G","Defend_G","Defend_G+1","Strike_G+1","Strike_G+1","Survivor+1","Neutralize+1","Deadly Poison+1","Footwork+1","Deadly Poison+1","PiercingWail","Backstab","Corpse Explosion+1","Footwork+1","Noxious Fumes+1","Backstab","Backflip","Malaise+1","PiercingWail+1","Crippling Poison+1","Backflip+1","Adrenaline+1","Deflect+1","Catalyst+1","Concentrate+1","Finesse+1","Secret Technique+1","PanicButton+1","Blur+1","Finesse+1","Cloak And Dagger+1","Deflect+1","Burst+1","Backflip+1","Acrobatics+1","Dodge and Roll+1"],"relics":["Ring of the Snake","Bag of Marbles","Snake Skull","Bottled Flame","Runic Pyramid","Toxic Egg 2","Tiny Chest","War Paint","Question Card","Kunai","Fusion Hammer","Nunchaku","Gambling Chip","Regal Pillow","Whetstone","Orichalcum","Bag of Preparation","Centennial Puzzle"],"potions_floor_usage":[7,7,21,22,23,27,40,56,56],"damage_taken":[{"damage":10,"enemies":"Jaw Worm","floor":1,"turns":8},{"damage":0,"enemies":"Cultist","floor":3,"turns":4},{"damage":0,"enemies":"Small Slimes","floor":5,"turns":4},{"damage":26,"enemies":"Gremlin Nob","floor":7,"turns":4},{"damage":0,"enemies":"2 Fungi Beasts","floor":8,"turns":6},{"damage":12,"enemies":"Lagavulin","floor":14,"turns":5},{"damage":22,"enemies":"Hexaghost","floor":16,"turns":8},{"damage":11,"enemies":"Shell Parasite","floor":18,"turns":5},{"damage":0,"enemies":"Chosen","floor":21,"turns":6},{"damage":7,"enemies":"Centurion and Healer","floor":22,"turns":2},{"damage":0,"enemies":"Slavers","floor":23,"turns":1},{"damage":4,"enemies":"Book of Stabbing","floor":25,"turns":8},{"damage":0,"enemies":"Slavers","floor":27,"turns":1},{"damage":7,"enemies":"Snecko","floor":29,"turns":9},{"damage":4,"enemies":"Automaton","floor":33,"turns":10},{"damage":2,"enemies":"3 Shapes","floor":35,"turns":4},{"damage":0,"enemies":"Mind Bloom Boss Battle","floor":37,"turns":5},{"damage":1,"enemies":"Reptomancer","floor":40,"turns":6},{"damage":0,"enemies":"Giant Head","floor":42,"turns":7},{"damage":0,"enemies":"Nemesis","floor":44,"turns":9},{"damage":0,"enemies":"3 Darklings","floor":46,"turns":3},{"damage":0,"enemies":"Jaw Worm Horde","floor":47,"turns":2},{"damage":0,"enemies":"Giant Head","floor":48,"turns":6},{"damage":0,"enemies":"Donu and Deca","floor":50,"turns":4},{"damage":0,"enemies":"Time Eater","floor":51,"turns":7},{"damage":0,"enemies":"Shield and Spear","floor":55,"turns":2},{"damage":0,"enemies":"The Heart","floor":56,"turns":10}],"seed_played":"5766287469860271186","potions_obtained":[{"floor":3,"key":"Regen Potion"},{"floor":4,"key":"Fire Potion"},{"floor":8,"key":"Block Potion"},{"floor":14,"key":"Fruit Juice"},{"floor":21,"key":"SkillPotion"},{"floor":22,"key":"Energy Potion"},{"floor":23,"key":"Strength Potion"},{"floor":29,"key":"Regen Potion"},{"floor":35,"key":"FearPotion"},{"floor":37,"key":"SkillPotion"},{"floor":46,"key":"SneckoOil"},{"floor":48,"key":"Block Potion"}],"is_trial":false,"path_per_floor":["M","?","M","?","M","R","E","M","T","R","$","R","?","E","R","B",null,"M","?","?","M","M","E","R","E","T","E","R","M","R","T","R","B",null,"M","$","?","?","$","E","?","E","T","E","R","M","M","E","R","B","B",null,"R","$","E","B",null],"character_chosen":"THE_SILENT","items_purchased":["Corpse Explosion","Catalyst+1","Blur+1","Finesse+1","Bag of Preparation"],"campfire_rested":3,"item_purchase_floors":[11,36,39,39,54],"current_hp_per_floor":[49,54,54,54,54,54,42,42,42,42,42,42,42,30,30,8,55,44,44,44,49,42,42,64,60,60,60,60,53,53,53,53,49,69,67,67,67,57,57,71,71,71,71,71,71,71,71,71,72,72,72,72,72,72,72,72],"gold":58,"neow_bonus":"HUNDRED_GOLD","is_prod":false,"is_daily":false,"chose_seed":false,"campfire_upgraded":7,"win_rate":0,"timestamp":1551055112,"path_taken":["M","?","M","?","M","R","E","?","T","R","$","R","?","E","R","BOSS","M","?","?","M","M","E","R","E","T","E","R","M","R","?","R","BOSS","M","$","?","?","$","E","?","E","T","E","R","M","M","E","R","BOSS","BOSS","R","$","E","BOSS"],"build_version":"2019-02-06","purchased_purges":3,"victory":true,"max_hp_per_floor":[66,71,71,71,71,71,71,71,71,71,71,71,71,71,71,71,71,71,71,71,76,76,76,76,76,76,76,76,76,76,76,76,76,76,76,76,76,76,76,76,72,72,72,72,72,72,72,72,72,72,72,72,72,72,72,72],"card_choices":[{"not_picked":["Blade Dance","Underhanded Strike"],"picked":"Deadly Poison","floor":1},{"not_picked":["Dagger Spray","Distraction"],"picked":"Footwork","floor":3},{"not_picked":["Caltrops","Eviscerate"],"picked":"Deadly Poison","floor":5},{"not_picked":["Poisoned Stab","Deadly Poison"],"picked":"PiercingWail","floor":7},{"not_picked":["Poisoned Stab","Cloak And Dagger"],"picked":"Backstab","floor":8},{"not_picked":["Acrobatics","Blur"],"picked":"Footwork","floor":14},{"not_picked":["Bouncing Flask","Reflex"],"picked":"Noxious Fumes","floor":18},{"not_picked":["Blade Dance","Slice+1"],"picked":"Backstab","floor":21},{"not_picked":["Infinite Blades","Caltrops"],"picked":"Backflip","floor":22},{"not_picked":["Terror","Deflect"],"picked":"Malaise","floor":23},{"not_picked":["Choke","Quick Slash"],"picked":"PiercingWail+1","floor":25},{"not_picked":["Riddle With Holes","Dagger Spray"],"picked":"Crippling Poison+1","floor":27},{"not_picked":["Accuracy+1","Choke","Dagger Spray"],"picked":"Backflip+1","floor":29},{"not_picked":["Die Die Die","Corpse Explosion+1","A Thousand Cuts"],"picked":"Adrenaline+1","floor":33},{"not_picked":["Flying Knee","Backflip+1","Deadly Poison+1"],"picked":"Deflect+1","floor":35},{"not_picked":["Unload","Underhanded Strike","Predator"],"picked":"Concentrate+1","floor":37},{"not_picked":["Deep Breath+1","Good Instincts+1","Panache"],"picked":"Finesse+1","floor":38},{"not_picked":["PanicButton+1","HandOfGreed","Purity+1"],"picked":"Secret Technique+1","floor":38},{"not_picked":["Thinking Ahead+1","Deep Breath+1","Trip+1"],"picked":"PanicButton+1","floor":38},{"not_picked":["Accuracy+1","Blade Dance+1","Heel Hook"],"picked":"Cloak And Dagger+1","floor":40},{"not_picked":["Finisher+1","Sucker Punch","Underhanded Strike"],"picked":"Deflect+1","floor":42},{"not_picked":["Sucker Punch","Outmaneuver+1","Catalyst+1"],"picked":"Burst+1","floor":44},{"not_picked":["Eviscerate","Dagger Throw","Dagger Spray"],"picked":"Backflip+1","floor":46},{"not_picked":["Poisoned Stab","Accuracy","Flying Knee+1","Glass Knife"],"picked":"SKIP","floor":47},{"not_picked":["Outmaneuver+1","Finisher","Slice"],"picked":"Acrobatics+1","floor":48},{"not_picked":["Deadly Poison+1","Crippling Poison+1","Caltrops"],"picked":"Dodge and Roll+1","floor":55}],"player_experience":4933403,"relics_obtained":[{"floor":7,"key":"Bag of Marbles"},{"floor":9,"key":"Snake Skull"},{"floor":14,"key":"Bottled Flame"},{"floor":23,"key":"Toxic Egg 2"},{"floor":25,"key":"Tiny Chest"},{"floor":26,"key":"War Paint"},{"floor":27,"key":"Question Card"},{"floor":31,"key":"Kunai"},{"floor":37,"key":"Nunchaku"},{"floor":40,"key":"Gambling Chip"},{"floor":42,"key":"Regal Pillow"},{"floor":44,"key":"Whetstone"},{"floor":48,"key":"Orichalcum"},{"floor":55,"key":"Centennial Puzzle"}],"event_choices":[{"damage_healed":0,"gold_gain":0,"player_choice":"Donut","damage_taken":0,"max_hp_gain":5,"max_hp_loss":0,"event_name":"Big Fish","floor":2,"gold_loss":0},{"damage_healed":0,"gold_gain":0,"player_choice":"Bought 3 Potions","damage_taken":0,"max_hp_gain":0,"max_hp_loss":0,"event_name":"The Woman in Blue","floor":4,"gold_loss":0},{"damage_healed":0,"gold_gain":0,"player_choice":"0 cards matched","damage_taken":0,"max_hp_gain":0,"max_hp_loss":0,"event_name":"Match and Keep!","floor":13,"gold_loss":0,"cards_obtained":[]},{"damage_healed":0,"gold_gain":0,"player_choice":"Ignored","damage_taken":0,"max_hp_gain":0,"max_hp_loss":0,"event_name":"The Mausoleum","floor":19,"gold_loss":0},{"damage_healed":0,"gold_gain":0,"player_choice":"Ignored","damage_taken":0,"max_hp_gain":0,"max_hp_loss":0,"event_name":"Cursed Tome","floor":20,"gold_loss":0},{"damage_healed":0,"gold_gain":0,"player_choice":"Fight","damage_taken":0,"max_hp_gain":0,"max_hp_loss":0,"event_name":"MindBloom","floor":37,"gold_loss":0},{"damage_healed":0,"gold_gain":0,"player_choice":"Memory 3","damage_taken":10,"max_hp_gain":0,"max_hp_loss":0,"event_name":"SensoryStone","floor":38,"gold_loss":0},{"damage_healed":0,"gold_gain":0,"player_choice":"Max HP","damage_taken":0,"max_hp_gain":0,"max_hp_loss":4,"event_name":"Winding Halls","floor":41,"gold_loss":0}],"is_beta":true,"boss_relics":[{"not_picked":["Orrery","Eternal Feather"],"picked":"Runic Pyramid"},{"not_picked":["Astrolabe","Tiny House"],"picked":"Fusion Hammer"}],"items_purged_floors":[11,36,39],"is_endless":false,"potions_floor_spawned":[3,8,14,21,22,23,25,29,35,37,46,48],"ascension_level":20}