{"gold_per_floor":[14,14,32,32,45,45,78,78,78,38,62,62,106,127,127,220,220,233,283,303,50,63,104,104,138,138,171,192,34,34,34,34,34],"floor_reached":33,"playtime":2242,"items_purged":["Doubt"],"score":676,"play_id":"327b0866-a6f9-466b-bb14-ff7f93841ad1","local_time":"20190303115628","is_ascension_mode":true,"campfire_choices":[{"data":"Flying Knee","floor":6,"key":"SMITH"},{"floor":8,"key":"REST"},{"data":"Dagger Throw","floor":12,"key":"SMITH"},{"data":"Caltrops","floor":15,"key":"SMITH"},{"data":"Dagger Spray","floor":24,"key":"SMITH"},{"floor":30,"key":"REST"},{"data":"Noxious Fumes","floor":32,"key":"SMITH"}],"neow_cost":"NO_GOLD","seed_source_timestamp":518253602848,"circlet_count":0,"master_deck":["AscendersBane","Defend_G","Defend_G","Defend_G","Defend_G","Defend_G","Strike_G","Strike_G","Strike_G","Survivor","Neutralize","Malaise+1","Flying Knee+1","PiercingWail","Infinite Blades","Deflect","Dagger Throw+1","Cloak And Dagger","Caltrops+1","Backflip","Malaise","Well Laid Plans","Dagger Spray+1","Acrobatics","PiercingWail","Infinite Blades","Noxious Fumes+1","Bullet Time","Blur"],"relics":["Ring of the Snake","Golden Idol","Ice Cream","Pear","Ancient Tea Set","Cursed Key","Chemical X","Tingsha","Dodecahedron","Mummified Hand"],"potions_floor_usage":[23,23,33],"damage_taken":[{"damage":4,"enemies":"Small Slimes","floor":1,"turns":5},{"damage":0,"enemies":"Jaw Worm","floor":3,"turns":7},{"damage":2,"enemies":"Cultist","floor":5,"turns":4},{"damage":33,"enemies":"3 Sentries","floor":7,"turns":12},{"damage":1,"enemies":"Looter","floor":10,"turns":4},{"damage":0,"enemies":"2 Fungi Beasts","floor":11,"turns":4},{"damage":8,"enemies":"Lagavulin","floor":13,"turns":12},{"damage":0,"enemies":"Blue Slaver","floor":14,"turns":5},{"damage":8,"enemies":"The Guardian","floor":16,"turns":16},{"damage":0,"enemies":"3 Byrds","floor":18,"turns":1},{"damage":0,"enemies":"Shell Parasite","floor":20,"turns":10},{"damage":0,"enemies":"Chosen and Byrds","floor":22,"turns":7},{"damage":0,"enemies":"Gremlin Leader","floor":23,"turns":9},{"damage":5,"enemies":"Book of Stabbing","floor":25,"turns":8},{"damage":38,"enemies":"Slavers","floor":27,"turns":6},{"damage":0,"enemies":"Snake Plant","floor":28,"turns":5},{"damage":48,"enemies":"Collector","floor":33,"turns":9}],"seed_played":"-3328418362476800401","potions_obtained":[{"floor":7,"key":"Dexterity Potion"},{"floor":13,"key":"Strength Potion"},{"floor":14,"key":"Fire Potion"},{"floor":28,"key":"SkillPotion"}],"is_trial":false,"path_per_floor":["M","?","M","?","M","R","E","R","T","M","M","R","E","M","R","B",null,"M","?","M","$","M","E","R","E","T","E","M","$","R","?","R","B"],"character_chosen":"THE_SILENT","items_purchased":["Well Laid Plans","Chemical X","Noxious Fumes"],"campfire_rested":2,"item_purchase_floors":[21,21,29],"current_hp_per_floor":[55,55,55,55,53,53,20,38,48,47,47,47,39,39,39,31,60,60,60,60,60,60,60,60,55,55,17,17,17,38,38,38,0],"gold":34,"neow_bonus":"THREE_RARE_CARDS","is_prod":false,"is_daily":false,"chose_seed":false,"campfire_upgraded":5,"win_rate":0,"timestamp":1551642988,"path_taken":["M","?","M","?","M","R","E","R","T","M","M","R","E","M","R","BOSS","M","?","M","?","M","E","R","E","T","E","M","$","R","?","R","BOSS"],"build_version":"2019-02-06","purchased_purges":1,"victory":false,"max_hp_per_floor":[66,66,66,60,60,60,60,60,70,70,70,70,70,70,70,70,70,70,70,70,70,70,70,70,70,70,70,70,70,70,70,70,70],"card_choices":[{"not_picked":["Venomology","Storm of Steel"],"picked":"Malaise","floor":0},{"not_picked":["Cloak And Dagger","Bane"],"picked":"Flying Knee","floor":1},{"not_picked":["Flying Knee","Underhanded Strike"],"picked":"PiercingWail","floor":3},{"not_picked":["Outmaneuver","Dagger Spray"],"picked":"Infinite Blades","floor":5},{"not_picked":["Underhanded Strike","Tools of the Trade"],"picked":"Deflect","floor":7},{"not_picked":["Underhanded Strike","Tactician"],"picked":"Dagger Throw","floor":10},{"not_picked":["Terror","Blade Dance"],"picked":"Cloak And Dagger","floor":11},{"not_picked":["Dodge and Roll","Flying Knee"],"picked":"Caltrops","floor":13},{"not_picked":["Outmaneuver","Quick Slash"],"picked":"Backflip","floor":14},{"not_picked":["Envenom","Bullet Time"],"picked":"Malaise","floor":16},{"not_picked":["Underhanded Strike","Quick Slash","Outmaneuver"],"picked":"SKIP","floor":18},{"not_picked":["Catalyst","Prepared","Sucker Punch"],"picked":"SKIP","floor":20},{"not_picked":["Catalyst","Prepared","Sucker Punch"],"picked":"SKIP","floor":20},{"not_picked":["Accuracy","Eviscerate","Slice"],"picked":"SKIP","floor":22},{"not_picked":["Backflip","Sucker Punch"],"picked":"Dagger Spray","floor":23},{"not_picked":["Underhanded Strike","Flying Knee"],"picked":"Acrobatics","floor":25},{"not_picked":["Dash","Dagger Throw"],"picked":"PiercingWail","floor":27},{"not_picked":["Poisoned Stab","Choke"],"picked":"Infinite Blades","floor":28}],"player_experience":5012272,"relics_obtained":[{"floor":7,"key":"Ice Cream"},{"floor":9,"key":"Pear"},{"floor":13,"key":"Ancient Tea Set"},{"floor":23,"key":"Tingsha"},{"floor":25,"key":"Dodecahedron"},{"floor":27,"key":"Mummified Hand"}],"event_choices":[{"damage_healed":0,"gold_gain":0,"player_choice":"Grow","damage_taken":0,"max_hp_gain":0,"max_hp_loss":0,"event_name":"Living Wall","floor":2,"gold_loss":0,"cards_upgraded":["Malaise"]},{"damage_healed":0,"gold_gain":0,"player_choice":"Lose Max HP","damage_taken":0,"relics_obtained":["Golden Idol"],"max_hp_gain":0,"max_hp_loss":6,"event_name":"Golden Idol","floor":4,"gold_loss":0},{"damage_healed":0,"gold_gain":50,"player_choice":"Pray","damage_taken":0,"max_hp_gain":0,"max_hp_loss":0,"event_name":"Golden Shrine","floor":19,"gold_loss":0},{"damage_healed":0,"gold_gain":0,"cards_transformed":["Strike_G","Strike_G"],"player_choice":"Became Test Subject","damage_taken":0,"max_hp_gain":0,"max_hp_loss":0,"event_name":"Drug Dealer","floor":31,"gold_loss":0,"cards_obtained":["Bullet Time","Blur"]}],"is_beta":true,"boss_relics":[{"not_picked":["Lizard Tail","Fusion Hammer"],"picked":"Cursed Key"}],"items_purged_floors":[29],"is_endless":false,"potions_floor_spawned":[7,13,14,20,22,28],"killed_by":"Collector","ascension_level":20}