{"gold_per_floor":[218,235,235,47,63,63,63,63,63,63,104,20,0,44,44,137,137,151,426,37,55,78,78,96,96,96,121,139,174,174,208,208,298,298,314,90,106,106,106,147,147,191,216,230,230,230,230,264,264,264,264,264,264,52,52],"floor_reached":55,"playtime":4637,"items_purged":["Strike_G","Regret"],"score":2323,"play_id":"6ceabc1e-c50d-40d0-a83c-61d0c10cec02","local_time":"20190305145449","is_ascension_mode":true,"campfire_choices":[{"data":"Poisoned Stab","floor":6,"key":"SMITH"},{"data":"Caltrops","floor":8,"key":"SMITH"},{"floor":15,"key":"REST"},{"data":"Noxious Fumes","floor":23,"key":"SMITH"},{"floor":25,"key":"REST"},{"data":"Well Laid Plans","floor":32,"key":"SMITH"},{"data":"Footwork","floor":41,"key":"SMITH"},{"data":"Malaise","floor":45,"key":"SMITH"},{"floor":47,"key":"RECALL"},{"data":"Blur","floor":49,"key":"SMITH"},{"data":"Dodge and Roll","floor":53,"key":"SMITH"}],"neow_cost":"NONE","seed_source_timestamp":15154067221235,"circlet_count":0,"master_deck":["AscendersBane","Defend_G","Defend_G","Defend_G","Defend_G+1","Strike_G","Strike_G","Survivor+1","Neutralize+1","Leg Sweep+1","Poisoned Stab+1","Footwork+1","Caltrops+1","Dagger Throw+1","Well Laid Plans+1","Blur+1","Backflip","Noxious Fumes+1","Predator+1","PiercingWail","Dagger Throw","Dodge and Roll+1","Deadly Poison+1","Malaise+1","Flechettes+1","Malaise+1"],"relics":["Ring of the Snake","Golden Idol","Art of War","Bronze Scales","Thread and Needle","Snecko Eye","War Paint","FossilizedHelix","Matryoshka","Busted Crown","OrangePellets","Paper Crane","Orichalcum","Oddly Smooth Stone","Bag of Marbles","Whetstone","DollysMirror"],"potions_floor_usage":[16,16,29,31,33,40,40,48],"damage_taken":[{"damage":2,"enemies":"Jaw Worm","floor":1,"turns":6},{"damage":10,"enemies":"Small Slimes","floor":2,"turns":5},{"damage":0,"enemies":"2 Louse","floor":5,"turns":4},{"damage":11,"enemies":"Lagavulin","floor":11,"turns":9},{"damage":4,"enemies":"3 Sentries","floor":14,"turns":9},{"damage":8,"enemies":"Slime Boss","floor":16,"turns":12},{"damage":0,"enemies":"Spheric Guardian","floor":18,"turns":4},{"damage":7,"enemies":"3 Byrds","floor":21,"turns":3},{"damage":11,"enemies":"Centurion and Healer","floor":22,"turns":10},{"damage":2,"enemies":"Snake Plant","floor":24,"turns":4},{"damage":6,"enemies":"Sentry and Sphere","floor":27,"turns":6},{"damage":0,"enemies":"Snecko","floor":28,"turns":5},{"damage":9,"enemies":"Gremlin Leader","floor":29,"turns":7},{"damage":0,"enemies":"Slavers","floor":31,"turns":6},{"damage":12,"enemies":"Automaton","floor":33,"turns":11},{"damage":0,"enemies":"3 Shapes","floor":35,"turns":6},{"damage":0,"enemies":"Orb Walker","floor":37,"turns":4},{"damage":0,"enemies":"Reptomancer","floor":40,"turns":8},{"damage":0,"enemies":"Nemesis","floor":42,"turns":11},{"damage":0,"enemies":"Spire Growth","floor":44,"turns":7},{"damage":0,"enemies":"Giant Head","floor":48,"turns":9},{"damage":0,"enemies":"Time Eater","floor":50,"turns":18},{"damage":0,"enemies":"Donu and Deca","floor":51,"turns":10},{"damage":59,"enemies":"Shield and Spear","floor":55,"turns":8}],"seed_played":"-2861647555291989882","potions_obtained":[{"floor":2,"key":"Weak Potion"},{"floor":11,"key":"Strength Potion"},{"floor":18,"key":"LiquidBronze"},{"floor":27,"key":"Explosive Potion"},{"floor":29,"key":"AttackPotion"},{"floor":31,"key":"GamblersBrew"},{"floor":35,"key":"SteroidPotion"},{"floor":44,"key":"SteroidPotion"}],"is_trial":false,"path_per_floor":["M","M","?","$","M","R","?","R","T","?","E","$","?","E","R","B",null,"M","?","$","M","M","R","M","R","T","M","M","E","?","E","R","B",null,"M","$","M","?","?","E","R","E","T","M","R","?","R","E","R","B","B",null,"R","$","E"],"character_chosen":"THE_SILENT","items_purchased":["Poisoned Stab","Footwork","Well Laid Plans","Noxious Fumes","War Paint","AttackPotion","OrangePellets","DollysMirror"],"campfire_rested":2,"item_purchase_floors":[4,4,12,20,20,20,36,54],"current_hp_per_floor":[57,47,47,47,47,47,47,47,47,40,29,29,29,25,43,35,54,54,54,54,47,36,36,34,52,52,46,46,37,37,37,37,25,51,51,51,51,51,51,51,51,51,51,51,51,51,51,51,51,51,51,56,56,56,0],"gold":52,"neow_bonus":"HUNDRED_GOLD","is_prod":false,"is_daily":false,"chose_seed":false,"campfire_upgraded":8,"win_rate":0,"timestamp":1551826489,"path_taken":["M","M","?","$","M","R","?","R","T","?","E","?","?","E","R","BOSS","M","?","$","M","M","R","M","R","T","M","?","E","?","E","R","BOSS","M","$","M","?","?","E","R","E","T","M","R","?","R","E","R","BOSS","BOSS","R","$","E"],"build_version":"2019-02-06","purchased_purges":2,"victory":false,"max_hp_per_floor":[66,66,66,66,66,66,60,60,60,60,60,60,60,60,60,60,60,60,60,60,60,60,60,60,60,60,60,60,60,60,60,60,60,60,60,60,60,60,57,57,57,57,57,57,57,57,57,57,57,57,57,57,57,57,57],"card_choices":[{"not_picked":["Flying Knee","Quick Slash"],"picked":"Leg Sweep","floor":1},{"not_picked":["Underhanded Strike","Acrobatics","Bullet Time"],"picked":"SKIP","floor":2},{"not_picked":["Outmaneuver","Underhanded Strike"],"picked":"Caltrops","floor":5},{"not_picked":["Deadly Poison","PiercingWail"],"picked":"Dagger Throw","floor":11},{"not_picked":["Deflect","Slice"],"picked":"Blur","floor":14},{"not_picked":["Outmaneuver+1","Cloak And Dagger"],"picked":"Backflip","floor":18},{"not_picked":["Slice","Dagger Throw","Quick Slash+1"],"picked":"SKIP","floor":21},{"not_picked":["Slice","Concentrate","Outmaneuver"],"picked":"SKIP","floor":22},{"not_picked":["Acrobatics","Tools of the Trade"],"picked":"Predator","floor":24},{"not_picked":["Blade Dance","Flying Knee+1"],"picked":"PiercingWail","floor":27},{"not_picked":["Heel Hook","Acrobatics","Prepared+1"],"picked":"SKIP","floor":28},{"not_picked":["Quick Slash","Flying Knee","Finisher+1"],"picked":"SKIP","floor":29},{"not_picked":["Setup+1","Burst"],"picked":"Deadly Poison+1","floor":31},{"not_picked":["Grand Finale","Adrenaline"],"picked":"Malaise","floor":33},{"not_picked":["Escape Plan"],"picked":"SKIP","floor":35},{"not_picked":["Dagger Throw"],"picked":"SKIP","floor":37},{"not_picked":[],"picked":"Flechettes+1","floor":40},{"not_picked":["Bane+1"],"picked":"SKIP","floor":42},{"not_picked":["Concentrate"],"picked":"SKIP","floor":44},{"not_picked":["Concentrate"],"picked":"SKIP","floor":48}],"player_experience":5044592,"relics_obtained":[{"floor":9,"key":"Art of War"},{"floor":11,"key":"Bronze Scales"},{"floor":14,"key":"Thread and Needle"},{"floor":29,"key":"FossilizedHelix"},{"floor":31,"key":"Matryoshka"},{"floor":40,"key":"Paper Crane"},{"floor":42,"key":"Orichalcum"},{"floor":43,"key":"Oddly Smooth Stone"},{"floor":43,"key":"Bag of Marbles"},{"floor":48,"key":"Whetstone"}],"event_choices":[{"damage_healed":0,"gold_gain":0,"player_choice":"Grow","damage_taken":0,"max_hp_gain":0,"max_hp_loss":0,"event_name":"Living Wall","floor":3,"gold_loss":0,"cards_upgraded":["Neutralize"]},{"damage_healed":0,"gold_gain":0,"player_choice":"Lose Max HP","damage_taken":0,"relics_obtained":["Golden Idol"],"max_hp_gain":0,"max_hp_loss":6,"event_name":"Golden Idol","floor":7,"gold_loss":0},{"cards_removed":["Defend_G"],"damage_healed":0,"gold_gain":0,"player_choice":"Card Removal","damage_taken":7,"max_hp_gain":0,"max_hp_loss":0,"event_name":"Golden Wing","floor":10,"gold_loss":0},{"damage_healed":0,"gold_gain":0,"player_choice":"Left Gold","damage_taken":0,"max_hp_gain":0,"max_hp_loss":0,"event_name":"World of Goop","floor":13,"gold_loss":20},{"damage_healed":0,"gold_gain":275,"player_choice":"Desecrate","damage_taken":0,"max_hp_gain":0,"max_hp_loss":0,"event_name":"Golden Shrine","floor":19,"gold_loss":0,"cards_obtained":["Regret"]},{"damage_healed":0,"gold_gain":0,"cards_transformed":["Strike_G","Strike_G"],"player_choice":"Became Test Subject","damage_taken":0,"max_hp_gain":0,"max_hp_loss":0,"event_name":"Drug Dealer","floor":30,"gold_loss":0,"cards_obtained":["Dagger Throw","Dodge and Roll"]},{"damage_healed":0,"gold_gain":0,"player_choice":"Ignored","damage_taken":0,"max_hp_gain":0,"max_hp_loss":0,"event_name":"Mysterious Sphere","floor":38,"gold_loss":0},{"damage_healed":0,"gold_gain":0,"player_choice":"Max HP","damage_taken":0,"max_hp_gain":0,"max_hp_loss":3,"event_name":"Winding Halls","floor":39,"gold_loss":0},{"damage_healed":0,"gold_gain":0,"player_choice":"Upgraded","damage_taken":0,"max_hp_gain":0,"max_hp_loss":0,"event_name":"Upgrade Shrine","floor":46,"gold_loss":0,"cards_upgraded":["Survivor"]}],"is_beta":true,"boss_relics":[{"not_picked":["Ring of the Serpent","Tiny House"],"picked":"Snecko Eye"},{"not_picked":["Calling Bell","Lizard Tail"],"picked":"Busted Crown"}],"items_purged_floors":[4,20],"is_endless":false,"potions_floor_spawned":[2,11,18,27,29,31,35,44],"killed_by":"Shield and Spear","ascension_level":20}