{"gold_per_floor":[109,125,200,200,2,2,36,36,36,64,78,78,112,122,122,199,199,215,215,232,21,33,66,66,79,103,103,119,119,150,166,166,245,245,262,308,319,28,47,47,72,98,98,128,157,157,0,0],"floor_reached":48,"playtime":4622,"items_purged":["Writhe"],"score":1312,"play_id":"03860372-a35d-49a6-abe5-47ed592af11c","local_time":"20190228130845","is_ascension_mode":true,"campfire_choices":[{"floor":6,"key":"REST"},{"data":"Deadly Poison","floor":8,"key":"SMITH"},{"data":"Footwork","floor":12,"key":"SMITH"},{"data":"Neutralize","floor":15,"key":"SMITH"},{"data":"A Thousand Cuts","floor":24,"key":"SMITH"},{"data":"Footwork","floor":27,"key":"SMITH"},{"data":"Noxious Fumes","floor":32,"key":"SMITH"},{"data":"Malaise","floor":40,"key":"SMITH"},{"floor":46,"key":"RECALL"}],"neow_cost":"NONE","seed_source_timestamp":4348245666834,"circlet_count":0,"master_deck":["AscendersBane","Defend_G","Defend_G","Defend_G","Defend_G","Defend_G","Strike_G+1","Strike_G+1","Survivor+1","Neutralize+1","Caltrops","Footwork+1","Deadly Poison+1","Deflect","Blur","Dash+1","Infinite Blades","A Thousand Cuts+1","Riddle With Holes+1","Dash+1","Backflip+1","Escape Plan+1","Adrenaline","Footwork+1","Well Laid Plans","PiercingWail","Adrenaline","Noxious Fumes+1","Malaise+1","Dodge and Roll","Dodge and Roll","Adrenaline","Deadly Poison+1","Crippling Poison"],"relics":["Ring of the Snake","NeowsBlessing","Bag of Preparation","Vajra","Paper Crane","Meat on the Bone","Bag of Marbles","Astrolabe","Lantern","Omamori","Potion Belt","Snake Skull","Runic Pyramid","WingedGreaves","DollysMirror","Singing Bowl","Whetstone","Anchor","Ancient Tea Set","Red Mask"],"potions_floor_usage":[13,18,23,23,33,36,36,41,41,44,48],"damage_taken":[{"damage":0,"enemies":"Cultist","floor":1,"turns":1},{"damage":0,"enemies":"Small Slimes","floor":2,"turns":1},{"damage":0,"enemies":"3 Sentries","floor":7,"turns":1},{"damage":14,"enemies":"Lagavulin","floor":10,"turns":9},{"damage":0,"enemies":"Jaw Worm","floor":11,"turns":4},{"damage":32,"enemies":"3 Sentries","floor":13,"turns":12},{"damage":0,"enemies":"3 Louse","floor":14,"turns":2},{"damage":14,"enemies":"The Guardian","floor":16,"turns":10},{"damage":0,"enemies":"Chosen","floor":18,"turns":3},{"damage":13,"enemies":"Spheric Guardian","floor":20,"turns":6},{"damage":0,"enemies":"Centurion and Healer","floor":22,"turns":7},{"damage":1,"enemies":"Book of Stabbing","floor":23,"turns":6},{"damage":0,"enemies":"Snecko","floor":25,"turns":6},{"damage":0,"enemies":"3 Cultists","floor":28,"turns":5},{"damage":11,"enemies":"Slavers","floor":30,"turns":6},{"damage":7,"enemies":"Cultist and Chosen","floor":31,"turns":7},{"damage":4,"enemies":"Automaton","floor":33,"turns":11},{"damage":0,"enemies":"Orb Walker","floor":35,"turns":4},{"damage":27,"enemies":"2 Orb Walkers","floor":36,"turns":7},{"damage":0,"enemies":"3 Shapes","floor":37,"turns":6},{"damage":33,"enemies":"Transient","floor":39,"turns":6},{"damage":2,"enemies":"Giant Head","floor":41,"turns":10},{"damage":0,"enemies":"Nemesis","floor":42,"turns":9},{"damage":40,"enemies":"Reptomancer","floor":44,"turns":7},{"damage":5,"enemies":"Nemesis","floor":45,"turns":9},{"damage":36,"enemies":"Reptomancer","floor":48,"turns":6}],"seed_played":"-2293127243657566425","potions_obtained":[{"floor":1,"key":"Weak Potion"},{"floor":2,"key":"Poison Potion"},{"floor":13,"key":"Poison Potion"},{"floor":18,"key":"EntropicBrew"},{"floor":30,"key":"SteroidPotion"},{"floor":31,"key":"LiquidBronze"},{"floor":36,"key":"Ancient Potion"},{"floor":39,"key":"SteroidPotion"},{"floor":44,"key":"Dexterity Potion"}],"is_trial":false,"path_per_floor":["M","M","?","?","$","R","E","R","T","E","M","R","E","M","R","B",null,"M","?","M","$","M","E","R","M","T","R","M","?","E","M","R","B",null,"M","?","M","$","M","R","E","E","T","E","E","R","?","E"],"character_chosen":"THE_SILENT","items_purchased":["Bag of Preparation","Deadly Poison","Adrenaline","Footwork","DollysMirror"],"campfire_rested":1,"item_purchase_floors":[5,5,21,21,38],"current_hp_per_floor":[59,59,48,28,28,47,47,47,47,33,45,45,25,37,37,35,58,58,58,45,45,45,44,44,44,44,44,44,44,45,38,38,34,58,58,43,43,43,22,22,32,46,46,20,29,29,29,0],"gold":0,"neow_bonus":"THREE_ENEMY_KILL","is_prod":false,"is_daily":false,"chose_seed":false,"campfire_upgraded":7,"win_rate":0,"timestamp":1551388125,"path_taken":["M","?","?","?","$","R","E","R","T","E","M","R","E","M","R","BOSS","M","?","M","$","M","E","R","M","T","R","M","?","E","?","R","BOSS","M","?","M","$","M","R","E","E","T","E","E","R","?","E"],"build_version":"2019-02-06","purchased_purges":1,"victory":false,"max_hp_per_floor":[66,66,66,66,66,66,66,66,66,66,66,66,66,66,66,66,66,66,66,66,66,66,66,66,66,66,66,66,66,66,66,66,66,66,66,66,66,66,66,66,66,68,68,70,72,72,72,72],"card_choices":[{"not_picked":["Dodge and Roll","Deflect"],"picked":"Caltrops","floor":1},{"not_picked":["Sucker Punch","Expertise"],"picked":"Footwork","floor":2},{"not_picked":["Reflex","Outmaneuver","Finisher"],"picked":"SKIP","floor":7},{"not_picked":["Blade Dance","Caltrops"],"picked":"Deflect","floor":10},{"not_picked":["Underhanded Strike","Prepared"],"picked":"Blur","floor":11},{"not_picked":["Acrobatics","Quick Slash"],"picked":"Dash","floor":13},{"not_picked":["Blade Dance","Outmaneuver"],"picked":"Infinite Blades","floor":14},{"not_picked":["Night Terror","Unload"],"picked":"A Thousand Cuts","floor":16},{"not_picked":["Concentrate+1","Catalyst"],"picked":"Escape Plan+1","floor":18},{"not_picked":["Deadly Poison","Sucker Punch","Underhanded Strike+1"],"picked":"SKIP","floor":20},{"not_picked":["Eviscerate","Poisoned Stab","Prepared"],"picked":"SKIP","floor":22},{"not_picked":["Bouncing Flask","Poisoned Stab"],"picked":"Well Laid Plans","floor":23},{"not_picked":["Bane","Choke","Acrobatics"],"picked":"SKIP","floor":25},{"not_picked":["Dodge and Roll","Acrobatics"],"picked":"PiercingWail","floor":28},{"not_picked":["Backflip","Catalyst"],"picked":"Noxious Fumes","floor":30},{"not_picked":["Sucker Punch","Heel Hook+1","Dagger Throw"],"picked":"SKIP","floor":31},{"not_picked":["Envenom","Corpse Explosion"],"picked":"Malaise","floor":33},{"not_picked":["Blade Dance","Outmaneuver"],"picked":"Dodge and Roll","floor":35},{"not_picked":["Dagger Spray+1","Slice"],"picked":"Dodge and Roll","floor":36},{"not_picked":["Cloak And Dagger","Prepared","Endless Agony"],"picked":"SKIP","floor":37},{"not_picked":["Outmaneuver","Storm of Steel"],"picked":"Deadly Poison+1","floor":39},{"not_picked":["Backflip","Underhanded Strike"],"picked":"Crippling Poison","floor":41},{"not_picked":["Dagger Throw","Poisoned Stab","Deadly Poison"],"picked":"Singing Bowl","floor":42},{"not_picked":["Well Laid Plans","Slice","Outmaneuver"],"picked":"Singing Bowl","floor":44},{"not_picked":["Night Terror","Dodge and Roll","Acrobatics"],"picked":"Singing Bowl","floor":45}],"player_experience":4964211,"relics_obtained":[{"floor":7,"key":"Vajra"},{"floor":9,"key":"Paper Crane"},{"floor":10,"key":"Meat on the Bone"},{"floor":13,"key":"Bag of Marbles"},{"floor":23,"key":"Omamori"},{"floor":26,"key":"Potion Belt"},{"floor":30,"key":"Snake Skull"},{"floor":36,"key":"WingedGreaves"},{"floor":41,"key":"Singing Bowl"},{"floor":42,"key":"Whetstone"},{"floor":44,"key":"Anchor"},{"floor":45,"key":"Ancient Tea Set"}],"event_choices":[{"damage_healed":0,"gold_gain":75,"player_choice":"Gather Gold","damage_taken":11,"max_hp_gain":0,"max_hp_loss":0,"event_name":"World of Goop","floor":3,"gold_loss":0},{"damage_healed":0,"gold_gain":0,"player_choice":"Entered Light","damage_taken":20,"max_hp_gain":0,"max_hp_loss":0,"event_name":"Shining Light","floor":4,"gold_loss":0,"cards_upgraded":["Strike_G","Survivor"]},{"damage_healed":0,"gold_gain":0,"player_choice":"Opened","damage_taken":0,"relics_obtained":["Lantern"],"max_hp_gain":0,"max_hp_loss":0,"event_name":"The Mausoleum","floor":19,"gold_loss":0,"cards_obtained":["Writhe"]},{"damage_healed":0,"gold_gain":0,"player_choice":"Copied","damage_taken":0,"max_hp_gain":0,"max_hp_loss":0,"event_name":"Duplicator","floor":29,"gold_loss":0,"cards_obtained":["Adrenaline"]},{"damage_healed":0,"gold_gain":0,"player_choice":"Fight","damage_taken":0,"max_hp_gain":0,"max_hp_loss":0,"event_name":"Mysterious Sphere","floor":36,"gold_loss":0},{"damage_healed":0,"gold_gain":0,"player_choice":"Paid","damage_taken":0,"relics_obtained":["Red Mask"],"max_hp_gain":0,"max_hp_loss":0,"event_name":"Tomb of Lord Red Mask","floor":47,"gold_loss":157}],"is_beta":true,"boss_relics":[{"not_picked":["Black Star","Busted Crown"],"picked":"Astrolabe"},{"not_picked":["Lizard Tail","Runic Dome"],"picked":"Runic Pyramid"}],"items_purged_floors":[38],"is_endless":false,"potions_floor_spawned":[1,2,10,13,16,18,30,31,36,39,44],"killed_by":"Reptomancer","ascension_level":20}