{"gold_per_floor":[112,122,122,142,142,142,28,28,28,54,70,84,84,112,112,187,187,200,200,220,145,95,95,123,123,123,141,159,187,16,31,31,107,107,125,125,125,225,225,225,251,269,269,190,243,258,258,273,273,273,273],"floor_reached":51,"playtime":5683,"items_purged":["Strike_R"],"score":1396,"play_id":"face805e-0bc5-48bd-83a4-2a75a60c5002","local_time":"20190224151732","is_ascension_mode":true,"campfire_choices":[{"data":"Bash","floor":6,"key":"SMITH"},{"data":"Anger","floor":8,"key":"SMITH"},{"data":"Clothesline","floor":13,"key":"SMITH"},{"floor":15,"key":"REST"},{"data":"Corruption","floor":23,"key":"SMITH"},{"data":"Spot Weakness","floor":25,"key":"SMITH"},{"floor":32,"key":"REST"},{"floor":40,"key":"REST"},{"floor":47,"key":"RECALL"},{"floor":49,"key":"REST"}],"neow_cost":"NONE","seed_source_timestamp":64070976622742,"circlet_count":0,"master_deck":["AscendersBane","Defend_R","Defend_R","Defend_R+1","Defend_R","Bash+1","Clothesline+1","Feel No Pain","Anger+1","Corruption+1","Feel No Pain","True Grit","Spot Weakness+1","Feed+1","Burning Pact+1","Twin Strike+1","Perfected Strike+1","Warcry+1","Necronomicurse","Flame Barrier","Feel No Pain","Juggernaut","Spot Weakness+1","Ghostly Armor","Metallicize","Uppercut+1"],"relics":["Burning Blood","Singing Bowl","Orichalcum","Whetstone","Astrolabe","Necronomicon","Pear","Oddly Smooth Stone","Kunai","Anchor","Sozu","Thread and Needle","Prayer Wheel","Calipers"],"potions_floor_usage":[1,11,14,24,29,51,51],"damage_taken":[{"damage":7,"enemies":"Small Slimes","floor":1,"turns":5},{"damage":0,"enemies":"Cultist","floor":2,"turns":3},{"damage":8,"enemies":"Jaw Worm","floor":4,"turns":5},{"damage":16,"enemies":"Lagavulin","floor":10,"turns":6},{"damage":14,"enemies":"Exordium Wildlife","floor":11,"turns":4},{"damage":7,"enemies":"Exordium Thugs","floor":12,"turns":6},{"damage":34,"enemies":"Gremlin Nob","floor":14,"turns":5},{"damage":21,"enemies":"Slime Boss","floor":16,"turns":11},{"damage":2,"enemies":"Spheric Guardian","floor":18,"turns":4},{"damage":14,"enemies":"3 Byrds","floor":20,"turns":8},{"damage":1,"enemies":"Gremlin Leader","floor":24,"turns":4},{"damage":8,"enemies":"Centurion and Healer","floor":27,"turns":6},{"damage":6,"enemies":"Cultist and Chosen","floor":28,"turns":7},{"damage":38,"enemies":"Slavers","floor":29,"turns":5},{"damage":5,"enemies":"Snecko","floor":31,"turns":7},{"damage":71,"enemies":"Champ","floor":33,"turns":11},{"damage":50,"enemies":"3 Darklings","floor":35,"turns":7},{"damage":23,"enemies":"Mind Bloom Boss Battle","floor":38,"turns":6},{"damage":30,"enemies":"Nemesis","floor":41,"turns":7},{"damage":0,"enemies":"Orb Walker","floor":42,"turns":3},{"damage":31,"enemies":"2 Orb Walkers","floor":45,"turns":6},{"damage":8,"enemies":"Jaw Worm Horde","floor":46,"turns":6},{"damage":0,"enemies":"3 Darklings","floor":48,"turns":6},{"damage":55,"enemies":"Donu and Deca","floor":50,"turns":12},{"damage":65,"enemies":"Awakened One","floor":51,"turns":4}],"seed_played":"805396382226512617","potions_obtained":[{"floor":0,"key":"PowerPotion"},{"floor":0,"key":"Poison Potion"},{"floor":1,"key":"LiquidBronze"},{"floor":3,"key":"Strength Potion"},{"floor":10,"key":"Fire Potion"},{"floor":11,"key":"BloodPotion"},{"floor":18,"key":"Energy Potion"},{"floor":28,"key":"Weak Potion"},{"floor":31,"key":"SpeedPotion"}],"is_trial":false,"path_per_floor":["M","M","?","M","?","R","$","R","T","E","M","M","R","E","R","B",null,"M","?","M","$","?","R","E","R","T","M","M","E","$","M","R","B",null,"M","?","$","?","?","R","E","M","T","$","?","M","R","M","R","B","B"],"character_chosen":"IRONCLAD","items_purchased":["Corruption","Flame Barrier","Anchor","Metallicize"],"campfire_rested":4,"item_purchase_floors":[7,21,30,44],"current_hp_per_floor":[67,73,73,71,64,64,64,64,64,54,46,45,45,17,39,24,62,66,45,42,42,42,42,57,57,57,61,67,37,37,44,77,12,86,48,48,48,33,33,68,46,52,52,52,33,35,35,47,87,42,0],"gold":273,"neow_bonus":"THREE_SMALL_POTIONS","is_prod":false,"is_daily":false,"chose_seed":false,"campfire_upgraded":5,"win_rate":0,"timestamp":1551050252,"path_taken":["M","M","?","?","?","R","?","R","T","E","?","M","R","E","R","BOSS","M","?","M","$","?","R","E","R","T","M","?","E","?","M","R","BOSS","M","?","$","?","?","R","E","M","T","$","?","?","R","M","R","BOSS","BOSS"],"build_version":"2019-02-06","purchased_purges":1,"victory":false,"max_hp_per_floor":[75,75,75,75,75,75,75,75,75,75,75,75,75,75,75,75,75,75,75,80,80,80,80,90,90,90,96,102,104,104,110,110,110,110,116,116,116,118,118,118,120,120,120,120,126,130,130,136,136,140,144],"card_choices":[{"not_picked":["Wild Strike","Thunderclap"],"picked":"Clothesline","floor":1},{"not_picked":["Fire Breathing","Heavy Blade"],"picked":"Feel No Pain","floor":2},{"not_picked":["Iron Wave","Power Through"],"picked":"Anger","floor":4},{"not_picked":["Bloodletting","Havoc"],"picked":"Feel No Pain","floor":10},{"not_picked":["Power Through","Anger"],"picked":"True Grit","floor":11},{"not_picked":["Pommel Strike","True Grit"],"picked":"Spot Weakness","floor":12},{"not_picked":["Dropkick","Heavy Blade"],"picked":"Cleave","floor":14},{"not_picked":["Limit Break","Fiend Fire"],"picked":"Feed","floor":16},{"not_picked":["Spot Weakness","Body Slam"],"picked":"Warcry+1","floor":18},{"not_picked":["Perfected Strike","Anger","Fire Breathing"],"picked":"Singing Bowl","floor":20},{"not_picked":["Dropkick","Heavy Blade"],"picked":"Feel No Pain","floor":24},{"not_picked":["Wild Strike","Armaments","Clothesline+1"],"picked":"Singing Bowl","floor":27},{"not_picked":["Clothesline","Flex","Seeing Red"],"picked":"Singing Bowl","floor":28},{"not_picked":["Iron Wave","Searing Blow","True Grit"],"picked":"Singing Bowl","floor":29},{"not_picked":["Body Slam","Second Wind","Twin Strike"],"picked":"Singing Bowl","floor":31},{"not_picked":["Exhume","Dark Embrace"],"picked":"Juggernaut","floor":33},{"not_picked":["Feel No Pain","Heavy Blade","Blood for Blood"],"picked":"Singing Bowl","floor":35},{"not_picked":["Sword Boomerang","Searing Blow+1","Wild Strike"],"picked":"Singing Bowl","floor":38},{"not_picked":["Wild Strike","Body Slam","Flex"],"picked":"Singing Bowl","floor":41},{"not_picked":["Cleave+1","Ghostly Armor+1"],"picked":"Spot Weakness+1","floor":42},{"not_picked":["Inflame","Pommel Strike"],"picked":"Ghostly Armor","floor":42},{"not_picked":["Blood for Blood+1","Second Wind","Feed"],"picked":"Singing Bowl","floor":45},{"not_picked":["Clash","Thunderclap","Headbutt"],"picked":"Singing Bowl","floor":46},{"not_picked":["Twin Strike+1","True Grit","Fire Breathing"],"picked":"Singing Bowl","floor":46},{"not_picked":["Cleave","Rupture","Twin Strike"],"picked":"Singing Bowl","floor":48},{"not_picked":["Cleave","Sever Soul+1"],"picked":"Uppercut+1","floor":48}],"player_experience":4927720,"relics_obtained":[{"floor":9,"key":"Singing Bowl"},{"floor":10,"key":"Orichalcum"},{"floor":14,"key":"Whetstone"},{"floor":19,"key":"Necronomicon"},{"floor":24,"key":"Pear"},{"floor":26,"key":"Oddly Smooth Stone"},{"floor":29,"key":"Kunai"},{"floor":38,"key":"Thread and Needle"},{"floor":41,"key":"Prayer Wheel"},{"floor":45,"key":"Calipers"}],"event_choices":[{"damage_healed":0,"gold_gain":0,"player_choice":"Got Potions","damage_taken":0,"max_hp_gain":0,"max_hp_loss":0,"event_name":"Lab","floor":3,"gold_loss":0},{"cards_removed":["Strike_R"],"damage_healed":0,"gold_gain":0,"player_choice":"Card Removal","damage_taken":7,"max_hp_gain":0,"max_hp_loss":0,"event_name":"Golden Wing","floor":5,"gold_loss":0},{"damage_healed":0,"gold_gain":0,"player_choice":"Obtained Book","damage_taken":21,"max_hp_gain":0,"max_hp_loss":0,"event_name":"Cursed Tome","floor":19,"gold_loss":0},{"damage_healed":0,"gold_gain":0,"player_choice":"Upgraded Two","damage_taken":0,"max_hp_gain":0,"max_hp_loss":0,"event_name":"Designer","floor":22,"gold_loss":50,"cards_upgraded":["Defend_R","Feed"]},{"cards_removed":["Cleave"],"damage_healed":0,"gold_gain":0,"player_choice":"Removed Attack","damage_taken":0,"max_hp_gain":0,"max_hp_loss":0,"event_name":"Falling","floor":36,"gold_loss":0},{"damage_healed":0,"gold_gain":0,"player_choice":"Fight","damage_taken":0,"max_hp_gain":0,"max_hp_loss":0,"event_name":"MindBloom","floor":38,"gold_loss":0},{"damage_healed":0,"gold_gain":0,"player_choice":"Ignored","damage_taken":0,"max_hp_gain":0,"max_hp_loss":0,"event_name":"The Moai Head","floor":39,"gold_loss":0},{"damage_healed":0,"gold_gain":0,"player_choice":"Fight","damage_taken":0,"max_hp_gain":0,"max_hp_loss":0,"event_name":"Mysterious Sphere","floor":45,"gold_loss":0}],"is_beta":true,"boss_relics":[{"not_picked":["Eternal Feather","Philosopher\u0027s Stone"],"picked":"Astrolabe"},{"not_picked":["Coffee Dripper","Runic Cube"],"picked":"Sozu"}],"items_purged_floors":[7],"is_endless":false,"potions_floor_spawned":[1,2,10,11,18,20,28,31,42,45,48],"killed_by":"Awakened One","ascension_level":20}