{"gold_per_floor":[117,117,133,133,146,146,184,184,184,222,241,241,241,265,265,361,361,376,426,426,442,457,457,471,471,471,496,546,546,579,598,598,598],"floor_reached":33,"playtime":2268,"items_purged":[],"score":554,"play_id":"41e403e9-e47d-4283-b93c-169b9999b785","local_time":"20190302145759","is_ascension_mode":true,"campfire_choices":[{"data":"Skewer","floor":6,"key":"SMITH"},{"data":"Dagger Spray","floor":8,"key":"SMITH"},{"floor":12,"key":"REST"},{"data":"Caltrops","floor":15,"key":"SMITH"},{"data":"Footwork","floor":23,"key":"SMITH"},{"floor":29,"key":"REST"},{"floor":32,"key":"REST"}],"neow_cost":"NONE","seed_source_timestamp":105560296765798,"circlet_count":0,"master_deck":["AscendersBane","Defend_G","Defend_G","Defend_G","Defend_G","Defend_G","Strike_G","Survivor","Neutralize","Skewer+1","Footwork+1","Dagger Spray+1","Caltrops+1","Blur","Adrenaline","Cloak And Dagger+1","Accuracy+1","Dagger Spray+1","Blade Dance+1","Backflip","Bullet Time"],"relics":["Ring of the Snake","Vajra","Golden Idol","Mango","PreservedInsect","Pantograph","Nilry\u0027s Codex","Nloth\u0027s Gift","Bag of Preparation","Gambling Chip"],"potions_floor_usage":[7,7,16,18,22,27,27,30],"damage_taken":[{"damage":1,"enemies":"Small Slimes","floor":1,"turns":3},{"damage":0,"enemies":"2 Louse","floor":3,"turns":2},{"damage":0,"enemies":"Cultist","floor":5,"turns":3},{"damage":24,"enemies":"Gremlin Nob","floor":7,"turns":4},{"damage":25,"enemies":"Lagavulin","floor":10,"turns":6},{"damage":6,"enemies":"Large Slime","floor":11,"turns":6},{"damage":1,"enemies":"Exordium Thugs","floor":14,"turns":3},{"damage":27,"enemies":"Hexaghost","floor":16,"turns":10},{"damage":0,"enemies":"3 Byrds","floor":18,"turns":3},{"damage":0,"enemies":"Spheric Guardian","floor":21,"turns":3},{"damage":4,"enemies":"Cultist and Chosen","floor":22,"turns":6},{"damage":13,"enemies":"Sentry and Sphere","floor":24,"turns":5},{"damage":6,"enemies":"Shelled Parasite and Fungi","floor":27,"turns":9},{"damage":16,"enemies":"Book of Stabbing","floor":30,"turns":5},{"damage":0,"enemies":"Snake Plant","floor":31,"turns":5},{"damage":84,"enemies":"Champ","floor":33,"turns":19}],"seed_played":"-5812518243259917577","potions_obtained":[{"floor":3,"key":"AttackPotion"},{"floor":5,"key":"EssenceOfSteel"},{"floor":11,"key":"EssenceOfSteel"},{"floor":14,"key":"GhostInAJar"},{"floor":16,"key":"LiquidBronze"},{"floor":18,"key":"SkillPotion"},{"floor":24,"key":"AttackPotion"},{"floor":27,"key":"AttackPotion"}],"is_trial":false,"path_per_floor":["M","?","M","?","M","R","E","R","T","E","M","R","?","M","R","B",null,"M","?","?","M","M","R","M","?","T","M","?","R","E","M","R","B"],"character_chosen":"THE_SILENT","items_purchased":[],"campfire_rested":3,"item_purchase_floors":[],"current_hp_per_floor":[58,51,51,51,51,51,41,41,41,16,10,32,21,20,20,18,60,60,60,39,39,35,35,22,22,22,16,16,38,22,22,44,0],"gold":598,"neow_bonus":"RANDOM_COMMON_RELIC","is_prod":false,"is_daily":false,"chose_seed":false,"campfire_upgraded":4,"win_rate":0,"timestamp":1551567479,"path_taken":["M","?","M","?","M","R","E","R","T","E","M","R","?","M","R","BOSS","M","?","?","M","M","R","M","?","T","?","?","R","E","M","R","BOSS"],"build_version":"2019-02-06","purchased_purges":0,"victory":false,"max_hp_per_floor":[66,66,66,60,60,60,74,74,74,74,74,74,74,74,74,74,74,74,74,74,74,74,74,74,74,74,74,74,74,74,74,74,74],"card_choices":[{"not_picked":["Prepared","Cloak And Dagger"],"picked":"Skewer","floor":1},{"not_picked":["Concentrate","Sucker Punch","Prepared"],"picked":"SKIP","floor":3},{"not_picked":["PiercingWail","Tools of the Trade"],"picked":"Footwork","floor":5},{"not_picked":["Heel Hook","Acrobatics"],"picked":"Dagger Spray","floor":7},{"not_picked":["Riddle With Holes","Quick Slash"],"picked":"Caltrops","floor":10},{"not_picked":["Outmaneuver","Poisoned Stab","All Out Attack"],"picked":"SKIP","floor":11},{"not_picked":["Backstab","Flying Knee"],"picked":"Blur","floor":14},{"not_picked":["A Thousand Cuts","Unload"],"picked":"Adrenaline","floor":16},{"not_picked":["Dagger Spray","Flying Knee"],"picked":"Blade Dance+1","floor":18},{"not_picked":["Masterful Stab","Quick Slash+1","Dagger Throw"],"picked":"SKIP","floor":21},{"not_picked":["Bouncing Flask","Riddle With Holes","Endless Agony"],"picked":"SKIP","floor":22},{"not_picked":["Prepared","Flechettes"],"picked":"Backflip","floor":24},{"not_picked":["Unload","Eviscerate","Poisoned Stab"],"picked":"SKIP","floor":27},{"not_picked":["Blade Dance","Dagger Throw","Heel Hook"],"picked":"SKIP","floor":30},{"not_picked":["Blade Dance","Bane"],"picked":"Bullet Time","floor":31}],"player_experience":5004476,"relics_obtained":[{"floor":7,"key":"Mango"},{"floor":10,"key":"PreservedInsect"},{"floor":20,"key":"Nilry\u0027s Codex"},{"floor":26,"key":"Bag of Preparation"},{"floor":30,"key":"Gambling Chip"}],"event_choices":[{"cards_removed":["Strike_G"],"damage_healed":0,"gold_gain":0,"player_choice":"Card Removal","damage_taken":7,"max_hp_gain":0,"max_hp_loss":0,"event_name":"Golden Wing","floor":2,"gold_loss":0},{"damage_healed":0,"gold_gain":0,"player_choice":"Lose Max HP","damage_taken":0,"relics_obtained":["Golden Idol"],"max_hp_gain":0,"max_hp_loss":6,"event_name":"Golden Idol","floor":4,"gold_loss":0},{"damage_healed":0,"gold_gain":0,"player_choice":"Success","damage_taken":11,"relics_obtained":["Pantograph"],"max_hp_gain":0,"max_hp_loss":0,"event_name":"Scrap Ooze","floor":13,"gold_loss":0},{"damage_healed":0,"gold_gain":50,"player_choice":"Stole From Cult","damage_taken":0,"max_hp_gain":0,"max_hp_loss":0,"event_name":"Nest","floor":19,"gold_loss":0},{"damage_healed":0,"gold_gain":0,"player_choice":"Obtained Book","damage_taken":21,"max_hp_gain":0,"max_hp_loss":0,"event_name":"Cursed Tome","floor":20,"gold_loss":0},{"damage_healed":0,"gold_gain":0,"player_choice":"Traded Relic","damage_taken":0,"relics_obtained":["Nloth\u0027s Gift"],"max_hp_gain":0,"max_hp_loss":0,"event_name":"N\u0027loth","floor":25,"relics_lost":["Astrolabe"],"gold_loss":0},{"damage_healed":0,"gold_gain":100,"player_choice":"Bet on Murderer","damage_taken":0,"max_hp_gain":0,"max_hp_loss":0,"event_name":"The Joust","floor":28,"gold_loss":50}],"is_beta":true,"boss_relics":[{"not_picked":["Ring of the Serpent","Eternal Feather"],"picked":"Astrolabe"}],"items_purged_floors":[],"is_endless":false,"potions_floor_spawned":[3,5,11,14,16,18,24,27],"killed_by":"Champ","ascension_level":20}