{"gold_per_floor":[118,268,286,211,7,38,38,65,65,65,92,92,106,126,126,200,200,218,68,79,92,106,137,137,169,194,214,81,81,81,93,93,93],"floor_reached":33,"playtime":2890,"items_purged":["Strike_B","Strike_B"],"score":610,"play_id":"1bad4a8f-0967-42ad-9e9a-2dc8c4accf99","local_time":"20190303172306","is_ascension_mode":true,"campfire_choices":[{"data":"Defragment","floor":7,"key":"SMITH"},{"floor":10,"key":"REST"},{"floor":15,"key":"REST"},{"floor":24,"key":"REST"},{"floor":30,"key":"REST"},{"data":"Defragment","floor":32,"key":"SMITH"}],"neow_cost":"NONE","seed_source_timestamp":19471550540757,"circlet_count":0,"master_deck":["AscendersBane","Strike_B","Strike_B","Defend_B","Defend_B","Defend_B","Defend_B","Zap+1","Dualcast","Genetic Algorithm","Doom and Gloom","Defragment+1","Chill","Hologram","Sweeping Beam","Redo","Seek","Compile Driver","Good Instincts","Reinforced Body","Coolheaded","Defragment+1","Coolheaded+1","Core Surge","Auto Shields+1","Glacier+1","Hologram+1"],"relics":["Cracked Core","Blue Candle","Omamori","Oddly Smooth Stone","Question Card","Symbiotic Virus","Nuclear Battery","Toxic Egg 2","Smiling Mask","Happy Flower"],"potions_floor_usage":[6,11,14,23,23,27,33,33],"damage_taken":[{"damage":7,"enemies":"Small Slimes","floor":1,"turns":3},{"damage":4,"enemies":"Jaw Worm","floor":3,"turns":4},{"damage":10,"enemies":"Lagavulin","floor":6,"turns":4},{"damage":18,"enemies":"3 Sentries","floor":8,"turns":26},{"damage":42,"enemies":"Gremlin Nob","floor":11,"turns":4},{"damage":0,"enemies":"Cultist","floor":13,"turns":2},{"damage":0,"enemies":"Lots of Slimes","floor":14,"turns":2},{"damage":6,"enemies":"The Guardian","floor":16,"turns":9},{"damage":19,"enemies":"Shell Parasite","floor":18,"turns":6},{"damage":7,"enemies":"Spheric Guardian","floor":20,"turns":4},{"damage":0,"enemies":"3 Cultists","floor":21,"turns":4},{"damage":17,"enemies":"Snake Plant","floor":22,"turns":7},{"damage":8,"enemies":"Slavers","floor":23,"turns":5},{"damage":23,"enemies":"Book of Stabbing","floor":25,"turns":5},{"damage":0,"enemies":"Cultist and Chosen","floor":27,"turns":8},{"damage":0,"enemies":"Shelled Parasite and Fungi","floor":31,"turns":22},{"damage":29,"enemies":"Collector","floor":33,"turns":11}],"seed_played":"1895190127532283083","potions_obtained":[{"floor":3,"key":"Fire Potion"},{"floor":6,"key":"Poison Potion"},{"floor":11,"key":"Block Potion"},{"floor":16,"key":"Poison Potion"},{"floor":25,"key":"Block Potion"},{"floor":27,"key":"EssenceOfSteel"}],"is_trial":false,"path_per_floor":["M","?","M","?","$","E","R","E","T","R","E","T","M","M","R","B",null,"M","$","M","M","M","E","R","E","T","M","$","?","R","M","R","B"],"character_chosen":"DEFECT","items_purchased":["Defragment","Block Potion","Compile Driver","Good Instincts","GamblersBrew"],"campfire_rested":4,"item_purchase_floors":[5,5,19,19,28],"current_hp_per_floor":[57,57,53,53,53,43,43,25,25,46,4,4,4,4,25,19,58,39,39,32,32,15,7,28,5,5,5,5,5,26,26,26,0],"gold":93,"neow_bonus":"UPGRADE_CARD","is_prod":false,"is_daily":false,"chose_seed":false,"campfire_upgraded":2,"win_rate":0,"timestamp":1551662586,"path_taken":["M","?","M","?","$","E","R","E","T","R","E","?","M","M","R","BOSS","M","$","?","M","M","E","R","E","T","?","$","?","R","M","R","BOSS"],"build_version":"2019-02-06","purchased_purges":2,"victory":false,"max_hp_per_floor":[71,71,71,71,71,71,71,71,71,71,71,71,71,71,71,71,71,71,71,71,71,71,71,71,71,71,71,71,71,71,71,71,71],"card_choices":[{"not_picked":["Conserve Battery","Rebound"],"picked":"Genetic Algorithm","floor":1},{"not_picked":["Consume","Ball Lightning"],"picked":"Doom and Gloom","floor":3},{"not_picked":["Reprogram","Go for the Eyes"],"picked":"Chill","floor":6},{"not_picked":["Turbo","Skim"],"picked":"Hologram","floor":8},{"not_picked":["Turbo","Scrape"],"picked":"Sweeping Beam","floor":11},{"not_picked":["Double Energy","Melter","Gash"],"picked":"Redo","floor":13},{"not_picked":["Redo","Darkness","Streamline","Rip and Tear"],"picked":"SKIP","floor":14},{"not_picked":["Fission","Machine Learning","Buffer"],"picked":"Seek","floor":16},{"not_picked":["Cold Snap","Doom and Gloom","Streamline","Tempest"],"picked":"SKIP","floor":18},{"not_picked":["Sweeping Beam+1","Go for the Eyes","Tempest"],"picked":"Reinforced Body","floor":20},{"not_picked":["Chill","Fusion","Streamline+1"],"picked":"Coolheaded","floor":21},{"not_picked":["Sunder","Turbo","Auto Shields"],"picked":"Defragment","floor":22},{"not_picked":["Lockon","Machine Learning","Melter"],"picked":"Coolheaded","floor":23},{"not_picked":["Aggregate+1","Turbo+1","Sweeping Beam"],"picked":"Core Surge","floor":25},{"not_picked":["Storm","Melter","Beam Cell"],"picked":"Auto Shields+1","floor":27},{"not_picked":["Streamline","Go for the Eyes","Hello World"],"picked":"Hologram+1","floor":31}],"player_experience":5030069,"relics_obtained":[{"floor":6,"key":"Blue Candle"},{"floor":8,"key":"Omamori"},{"floor":9,"key":"Oddly Smooth Stone"},{"floor":11,"key":"Question Card"},{"floor":12,"key":"Symbiotic Virus"},{"floor":23,"key":"Toxic Egg 2"},{"floor":25,"key":"Smiling Mask"},{"floor":26,"key":"Happy Flower"}],"event_choices":[{"damage_healed":0,"gold_gain":150,"player_choice":"AGREE","damage_taken":0,"max_hp_gain":0,"max_hp_loss":0,"event_name":"Liars Game","floor":2,"gold_loss":0,"cards_obtained":["Doubt"]},{"cards_removed":["Doubt"],"damage_healed":0,"gold_gain":0,"player_choice":"Card Removal","damage_taken":0,"max_hp_gain":0,"max_hp_loss":0,"event_name":"The Cleric","floor":4,"gold_loss":75},{"damage_healed":0,"gold_gain":0,"player_choice":"Read","damage_taken":0,"max_hp_gain":0,"max_hp_loss":0,"event_name":"The Library","floor":29,"gold_loss":0,"cards_obtained":["Glacier"]}],"is_beta":true,"boss_relics":[{"not_picked":["Calling Bell","Orrery"],"picked":"Nuclear Battery"}],"items_purged_floors":[5,28],"is_endless":false,"potions_floor_spawned":[3,6,11,16,22,25,27],"killed_by":"Collector","ascension_level":20}