{"gold_per_floor":[365,383,3,22,22,22,49,49,49,75,92,111,121,121,121,195,195,209,209,226,6,6,6,36,55,55,85,10,21,21,34,34,111,111,131,148,193,4,21,53,2,2,2,35,35,52,52,86,86,86,86,86,86,30,59,59],"floor_reached":57,"playtime":5492,"items_purged":["Strike_G","Strike_G"],"score":2905,"play_id":"69f194ac-e96a-4838-99e1-c21065e2a84a","local_time":"20190303152808","is_ascension_mode":true,"campfire_choices":[{"data":"Noxious Fumes","floor":6,"key":"SMITH"},{"data":"Neutralize","floor":8,"key":"SMITH"},{"floor":15,"key":"REST"},{"data":"Crippling Poison","floor":23,"key":"SMITH"},{"data":"Footwork","floor":30,"key":"SMITH"},{"floor":32,"key":"REST"},{"data":"Malaise","floor":42,"key":"SMITH"},{"floor":47,"key":"RECALL"},{"data":"Deadly Poison","floor":49,"key":"SMITH"},{"floor":53,"key":"REST"}],"neow_cost":"TEN_PERCENT_HP_LOSS","seed_source_timestamp":9935493934389,"circlet_count":0,"master_deck":["AscendersBane","Defend_G+1","Defend_G","Defend_G+1","Defend_G","Defend_G","Survivor","Neutralize+1","Escape Plan","Skewer+1","Noxious Fumes+1","Dagger Spray+1","Backflip","Endless Agony+1","Footwork+1","Deadly Poison+1","Adrenaline","Night Terror+1","Concentrate+1","Crippling Poison+1","Dagger Spray+1","Deflect","Choke+1","PiercingWail","Backflip","Malaise+1","Dodge and Roll","Adrenaline","Wraith Form v2+1","Well Laid Plans+1","Leg Sweep+1","Dodge and Roll","Prepared+1","Well Laid Plans+1","PiercingWail+1","Noxious Fumes+1","Bouncing Flask+1"],"relics":["Ring of the Snake","TwistedFunnel","Kunai","Letter Opener","Gremlin Horn","Molten Egg 2","Astrolabe","Snake Skull","Blood Vial","Bottled Lightning","Frozen Egg 2","Black Star","Prayer Wheel","Bag of Marbles","Ancient Tea Set","War Paint","Whetstone","Singing Bowl","Toxic Egg 2","Pear","Dead Branch"],"potions_floor_usage":[10,27,32,33,36,44,55,56],"damage_taken":[{"damage":2,"enemies":"Small Slimes","floor":1,"turns":7},{"damage":0,"enemies":"Cultist","floor":2,"turns":6},{"damage":0,"enemies":"Jaw Worm","floor":4,"turns":4},{"damage":30,"enemies":"Gremlin Nob","floor":7,"turns":4},{"damage":16,"enemies":"Lagavulin","floor":10,"turns":8},{"damage":0,"enemies":"Red Slaver","floor":11,"turns":3},{"damage":0,"enemies":"3 Louse","floor":12,"turns":2},{"damage":0,"enemies":"Exordium Wildlife","floor":13,"turns":3},{"damage":13,"enemies":"The Guardian","floor":16,"turns":9},{"damage":0,"enemies":"Spheric Guardian","floor":18,"turns":5},{"damage":7,"enemies":"Shell Parasite","floor":20,"turns":4},{"damage":3,"enemies":"Gremlin Leader","floor":24,"turns":3},{"damage":4,"enemies":"Chosen and Byrds","floor":25,"turns":3},{"damage":12,"enemies":"Book of Stabbing","floor":27,"turns":5},{"damage":12,"enemies":"Cultist and Chosen","floor":29,"turns":4},{"damage":0,"enemies":"Sentry and Sphere","floor":31,"turns":2},{"damage":15,"enemies":"Collector","floor":33,"turns":6},{"damage":10,"enemies":"Orb Walker","floor":35,"turns":4},{"damage":1,"enemies":"3 Darklings","floor":36,"turns":2},{"damage":21,"enemies":"2 Orb Walkers","floor":37,"turns":4},{"damage":0,"enemies":"4 Shapes","floor":39,"turns":4},{"damage":4,"enemies":"Reptomancer","floor":40,"turns":5},{"damage":0,"enemies":"Giant Head","floor":44,"turns":14},{"damage":3,"enemies":"Maw","floor":46,"turns":10},{"damage":10,"enemies":"Nemesis","floor":48,"turns":11},{"damage":4,"enemies":"Donu and Deca","floor":50,"turns":10},{"damage":8,"enemies":"Awakened One","floor":51,"turns":22},{"damage":0,"enemies":"Shield and Spear","floor":55,"turns":8},{"damage":66,"enemies":"The Heart","floor":56,"turns":9}],"seed_played":"-4974690200967192923","potions_obtained":[{"floor":4,"key":"Regen Potion"},{"floor":12,"key":"Poison Potion"},{"floor":16,"key":"Strength Potion"},{"floor":29,"key":"Strength Potion"},{"floor":31,"key":"Fruit Juice"},{"floor":35,"key":"Energy Potion"},{"floor":39,"key":"Explosive Potion"},{"floor":40,"key":"Regen Potion"},{"floor":48,"key":"Swift Potion"}],"is_trial":false,"path_per_floor":["M","M","$","M","?","R","E","R","T","E","M","M","M","?","R","B",null,"M","?","M","$","?","R","E","M","T","E","$","M","R","M","R","B",null,"M","M","?","$","M","E","$","R","T","E","$","M","R","E","R","B","B",null,"R","$","E","B",null],"character_chosen":"THE_SILENT","items_purchased":["Noxious Fumes","TwistedFunnel","Snake Skull","Deflect","Malaise","Well Laid Plans+1","Dodge and Roll","Poison Potion"],"campfire_rested":3,"item_purchase_floors":[3,3,21,21,28,38,41,54],"current_hp_per_floor":[57,57,57,57,57,57,27,27,27,26,26,26,26,15,33,20,50,50,50,43,43,43,43,40,38,38,28,28,18,18,20,44,31,57,49,50,31,31,33,31,31,31,31,48,48,47,47,39,39,37,31,57,65,65,75,9],"gold":59,"neow_bonus":"TWO_FIFTY_GOLD","is_prod":false,"is_daily":false,"chose_seed":false,"campfire_upgraded":6,"win_rate":0,"timestamp":1551655688,"path_taken":["M","M","$","M","?","R","E","R","T","E","M","M","M","?","R","BOSS","M","?","?","?","?","R","E","M","T","E","$","M","R","?","R","BOSS","M","M","?","$","M","E","$","R","T","E","$","M","R","E","R","BOSS","BOSS","R","$","E","BOSS"],"build_version":"2019-02-06","purchased_purges":2,"victory":true,"max_hp_per_floor":[60,60,60,60,60,60,60,60,60,60,60,60,60,60,60,60,60,60,60,60,60,60,60,60,60,60,60,60,60,60,60,65,65,65,65,65,65,65,65,65,65,65,65,65,65,65,65,65,65,65,65,65,65,65,75,75],"card_choices":[{"not_picked":["Acrobatics","Outmaneuver"],"picked":"Escape Plan","floor":1},{"not_picked":["Slice","Terror"],"picked":"Skewer","floor":2},{"not_picked":["Riddle With Holes","Endless Agony"],"picked":"Dagger Spray","floor":4},{"not_picked":["Sucker Punch","Noxious Fumes"],"picked":"Backflip","floor":7},{"not_picked":["Underhanded Strike","Concentrate"],"picked":"Endless Agony","floor":10},{"not_picked":["Bouncing Flask","Flechettes","Dagger Spray"],"picked":"SKIP","floor":11},{"not_picked":["Deadly Poison","Dagger Spray"],"picked":"Footwork","floor":12},{"not_picked":["Envenom","Slice"],"picked":"Deadly Poison","floor":13},{"not_picked":["Envenom","Die Die Die+1"],"picked":"Adrenaline","floor":16},{"not_picked":["Bane+1","Eviscerate+1"],"picked":"Crippling Poison","floor":18},{"not_picked":["Sucker Punch+1","Deadly Poison"],"picked":"Dagger Spray+1","floor":20},{"not_picked":["Cloak And Dagger","Expertise"],"picked":"PiercingWail","floor":24},{"not_picked":["Slice+1","Caltrops","Underhanded Strike+1"],"picked":"SKIP","floor":25},{"not_picked":["Distraction","Bane+1"],"picked":"Backflip","floor":27},{"not_picked":["Underhanded Strike+1","Flechettes+1"],"picked":"Dodge and Roll","floor":29},{"not_picked":["Concentrate","Finisher+1"],"picked":"Adrenaline","floor":31},{"not_picked":["Venomology","Glass Knife+1"],"picked":"Wraith Form v2+1","floor":33},{"not_picked":["Flying Knee+1","Distraction","Prepared"],"picked":"SKIP","floor":35},{"not_picked":["Blade Dance","Dash+1","Dagger Spray+1"],"picked":"SKIP","floor":36},{"not_picked":["Prepared","Underhanded Strike+1"],"picked":"Leg Sweep+1","floor":39},{"not_picked":["Dagger Throw+1","Doppelganger","Choke+1"],"picked":"SKIP","floor":39},{"not_picked":["Blade Dance","Quick Slash+1","Outmaneuver"],"picked":"SKIP","floor":40},{"not_picked":["Bouncing Flask+1","Skewer+1"],"picked":"Prepared+1","floor":44},{"not_picked":["Flying Knee+1","Prepared"],"picked":"Well Laid Plans+1","floor":46},{"not_picked":["Noxious Fumes+1","Terror"],"picked":"PiercingWail+1","floor":46},{"not_picked":["PiercingWail+1","Eviscerate+1"],"picked":"Noxious Fumes+1","floor":48},{"not_picked":["Tools of the Trade+1","Dagger Spray+1"],"picked":"Bouncing Flask+1","floor":55}],"player_experience":5021153,"relics_obtained":[{"floor":7,"key":"Kunai"},{"floor":9,"key":"Letter Opener"},{"floor":10,"key":"Gremlin Horn"},{"floor":24,"key":"Blood Vial"},{"floor":26,"key":"Bottled Lightning"},{"floor":27,"key":"Frozen Egg 2"},{"floor":37,"key":"Prayer Wheel"},{"floor":40,"key":"Bag of Marbles"},{"floor":40,"key":"Ancient Tea Set"},{"floor":44,"key":"War Paint"},{"floor":44,"key":"Whetstone"},{"floor":48,"key":"Singing Bowl"},{"floor":48,"key":"Toxic Egg 2"},{"floor":55,"key":"Pear"},{"floor":55,"key":"Dead Branch"}],"event_choices":[{"damage_healed":0,"gold_gain":0,"player_choice":"Grow","damage_taken":0,"max_hp_gain":0,"max_hp_loss":0,"event_name":"Living Wall","floor":5,"gold_loss":0,"cards_upgraded":["Skewer"]},{"damage_healed":0,"gold_gain":0,"player_choice":"Success","damage_taken":11,"relics_obtained":["Molten Egg 2"],"max_hp_gain":0,"max_hp_loss":0,"event_name":"Scrap Ooze","floor":14,"gold_loss":0},{"damage_healed":0,"gold_gain":0,"player_choice":"Got Potions","damage_taken":0,"max_hp_gain":0,"max_hp_loss":0,"event_name":"Lab","floor":19,"gold_loss":0},{"damage_healed":0,"gold_gain":0,"cards_transformed":["Eviscerate"],"player_choice":"Transformed","damage_taken":0,"max_hp_gain":0,"max_hp_loss":0,"event_name":"Transmorgrifier","floor":22,"gold_loss":0,"cards_obtained":["Choke"]},{"damage_healed":0,"gold_gain":0,"player_choice":"Fight","damage_taken":0,"max_hp_gain":0,"max_hp_loss":0,"event_name":"Mysterious Sphere","floor":37,"gold_loss":0}],"is_beta":true,"boss_relics":[{"not_picked":["Pandora\u0027s Box","White Beast Statue"],"picked":"Astrolabe"},{"not_picked":["Orrery","Lizard Tail"],"picked":"Black Star"}],"items_purged_floors":[3,38],"is_endless":false,"potions_floor_spawned":[4,12,16,20,25,29,31,35,39,40,48],"ascension_level":20}