{"gold_per_floor":[117,117,128,49,124,157,173,173,250,267,267,267,267,284,284,284],"floor_reached":16,"playtime":713,"items_purged":[],"score":200,"play_id":"76c4047e-8c78-4a08-b56a-2f497666d7c0","local_time":"20190307111326","is_ascension_mode":true,"campfire_choices":[{"data":"Noxious Fumes","floor":8,"key":"SMITH"},{"data":"Finisher","floor":11,"key":"SMITH"},{"data":"Neutralize","floor":13,"key":"SMITH"},{"data":"Crippling Poison","floor":15,"key":"SMITH"}],"neow_cost":"NONE","seed_source_timestamp":71732058342378,"circlet_count":0,"master_deck":["AscendersBane","Defend_G","Defend_G","Defend_G","Defend_G","Defend_G","Strike_G","Strike_G","Strike_G","Strike_G","Survivor","Neutralize+1","Cloak And Dagger","Finisher+1","Noxious Fumes+1","Backflip","Dagger Throw","Crippling Poison+1"],"relics":["Ring of the Snake","Boot","Juzu Bracelet","Singing Bowl"],"potions_floor_usage":[6,16,16],"damage_taken":[{"damage":1,"enemies":"Jaw Worm","floor":1,"turns":5},{"damage":0,"enemies":"2 Louse","floor":3,"turns":4},{"damage":17,"enemies":"Lagavulin","floor":6,"turns":10},{"damage":5,"enemies":"Small Slimes","floor":7,"turns":4},{"damage":4,"enemies":"Exordium Wildlife","floor":10,"turns":4},{"damage":1,"enemies":"Looter","floor":14,"turns":4},{"damage":16,"enemies":"Hexaghost","floor":16,"turns":9}],"seed_played":"-7688647798410035368","potions_obtained":[{"floor":3,"key":"SkillPotion"},{"floor":6,"key":"Weak Potion"},{"floor":10,"key":"AttackPotion"}],"is_trial":false,"path_per_floor":["M","?","M","$","?","E","M","R","T","M","R","?","R","M","R","B"],"character_chosen":"THE_SILENT","items_purchased":["Noxious Fumes"],"campfire_rested":0,"item_purchase_floors":[4],"current_hp_per_floor":[58,51,51,51,40,23,18,18,18,16,16,16,16,15,15,0],"gold":284,"neow_bonus":"RANDOM_COMMON_RELIC","is_prod":false,"is_daily":false,"chose_seed":false,"campfire_upgraded":4,"win_rate":0,"timestamp":1551986006,"path_taken":["M","?","M","$","?","E","M","R","T","M","R","?","R","M","R","BOSS"],"build_version":"2019-02-06","purchased_purges":0,"victory":false,"max_hp_per_floor":[66,66,66,66,66,66,66,66,66,68,68,68,68,68,68,68],"card_choices":[{"not_picked":["Dodge and Roll","Blade Dance"],"picked":"Cloak And Dagger","floor":1},{"not_picked":["Blur","Prepared"],"picked":"Finisher","floor":3},{"not_picked":["Deflect","Choke"],"picked":"Backflip","floor":6},{"not_picked":["Distraction","Riddle With Holes"],"picked":"Dagger Throw","floor":7},{"not_picked":["Dagger Throw","All Out Attack","Endless Agony"],"picked":"Singing Bowl","floor":10},{"not_picked":["Acrobatics","Sucker Punch"],"picked":"Crippling Poison","floor":14}],"player_experience":5067391,"relics_obtained":[{"floor":6,"key":"Juzu Bracelet"},{"floor":9,"key":"Singing Bowl"}],"event_choices":[{"cards_removed":["Strike_G"],"damage_healed":0,"gold_gain":0,"player_choice":"Card Removal","damage_taken":7,"max_hp_gain":0,"max_hp_loss":0,"event_name":"Golden Wing","floor":2,"gold_loss":0},{"damage_healed":0,"gold_gain":75,"player_choice":"Gather Gold","damage_taken":11,"max_hp_gain":0,"max_hp_loss":0,"event_name":"World of Goop","floor":5,"gold_loss":0},{"damage_healed":0,"gold_gain":0,"player_choice":"Ignored","damage_taken":0,"max_hp_gain":0,"max_hp_loss":0,"event_name":"Liars Game","floor":12,"gold_loss":0}],"is_beta":true,"boss_relics":[],"items_purged_floors":[],"is_endless":false,"potions_floor_spawned":[3,6,10],"killed_by":"Hexaghost","ascension_level":20}