{"gold_per_floor":[114,132,132,132,150,177,177,204,204,204,23,43,78,92,92,170,170,180,193,209,209,226,226,241,271,344,344,375,392,426,476,476,476],"floor_reached":33,"playtime":2549,"items_purged":[],"score":679,"play_id":"39069bf9-72a5-4e61-ba70-0af86d073f87","local_time":"20190306130600","is_ascension_mode":true,"campfire_choices":[{"data":"Wild Strike","floor":7,"key":"SMITH"},{"data":"Inflame","floor":15,"key":"SMITH"},{"floor":23,"key":"REST"},{"data":"Battle Trance","floor":27,"key":"SMITH"},{"floor":32,"key":"REST"}],"neow_cost":"NONE","seed_source_timestamp":97108960951603,"circlet_count":0,"master_deck":["AscendersBane","Strike_R","Strike_R","Strike_R","Strike_R+1","Defend_R","Defend_R","Defend_R","Defend_R","Bash+1","Shrug It Off+1","Wild Strike+1","Sword Boomerang","Feed","Battle Trance+1","Inflame+1","True Grit","Armaments","Limit Break","Anger","Shrug It Off","Metallicize"],"relics":["Burning Blood","Happy Flower","Bird Faced Urn","Matryoshka","Red Skull","Busted Crown","Omamori","Ancient Tea Set","Singing Bowl","Girya","Strawberry"],"potions_floor_usage":[6,8,13,16,19,22,22,25,28,29,30],"damage_taken":[{"damage":4,"enemies":"2 Louse","floor":1,"turns":4},{"damage":4,"enemies":"Jaw Worm","floor":2,"turns":4},{"damage":6,"enemies":"Cultist","floor":5,"turns":3},{"damage":28,"enemies":"Gremlin Nob","floor":6,"turns":4},{"damage":30,"enemies":"3 Sentries","floor":8,"turns":12},{"damage":13,"enemies":"Looter","floor":12,"turns":5},{"damage":53,"enemies":"Gremlin Nob","floor":13,"turns":6},{"damage":4,"enemies":"Exordium Wildlife","floor":14,"turns":5},{"damage":2,"enemies":"Slime Boss","floor":16,"turns":6},{"damage":31,"enemies":"3 Byrds","floor":18,"turns":8},{"damage":18,"enemies":"2 Thieves","floor":19,"turns":5},{"damage":29,"enemies":"Shelled Parasite and Fungi","floor":20,"turns":4},{"damage":8,"enemies":"Cultist and Chosen","floor":22,"turns":4},{"damage":15,"enemies":"3 Cultists","floor":24,"turns":5},{"damage":13,"enemies":"Slavers","floor":25,"turns":4},{"damage":35,"enemies":"Book of Stabbing","floor":28,"turns":4},{"damage":11,"enemies":"Chosen and Byrds","floor":29,"turns":6},{"damage":18,"enemies":"Gremlin Leader","floor":30,"turns":5},{"damage":67,"enemies":"Automaton","floor":33,"turns":10}],"seed_played":"-4647012643285551523","potions_obtained":[{"floor":2,"key":"Strength Potion"},{"floor":5,"key":"SpeedPotion"},{"floor":12,"key":"Regen Potion"},{"floor":14,"key":"Weak Potion"},{"floor":16,"key":"EntropicBrew"},{"floor":18,"key":"Poison Potion"},{"floor":22,"key":"PowerPotion"},{"floor":25,"key":"Poison Potion"},{"floor":29,"key":"Regen Potion"}],"is_trial":false,"path_per_floor":["M","M","?","?","M","E","R","E","T","?","$","M","E","M","R","B",null,"M","M","M","?","M","R","M","E","T","R","E","M","E","?","R","B"],"character_chosen":"IRONCLAD","items_purchased":["Battle Trance","Inflame","True Grit"],"campfire_rested":2,"item_purchase_floors":[11,11,11],"current_hp_per_floor":[70,72,72,72,72,50,50,26,26,51,51,49,18,25,25,31,69,50,40,22,22,25,52,45,45,45,45,20,17,30,30,61,0],"gold":476,"neow_bonus":"UPGRADE_CARD","is_prod":false,"is_daily":false,"chose_seed":false,"campfire_upgraded":3,"win_rate":0,"timestamp":1551906360,"path_taken":["M","M","?","?","?","E","R","E","T","?","$","M","E","M","R","BOSS","M","M","M","?","M","R","?","E","T","R","E","?","E","?","R","BOSS"],"build_version":"2019-02-06","purchased_purges":0,"victory":false,"max_hp_per_floor":[75,75,75,75,75,75,75,75,75,75,75,78,78,81,81,81,81,85,85,88,88,91,91,91,94,94,94,96,96,105,105,105,105],"card_choices":[{"not_picked":["Body Slam","Rupture","Sever Soul"],"picked":"SKIP","floor":1},{"not_picked":["Body Slam","Pummel"],"picked":"Shrug It Off","floor":2},{"not_picked":["Second Wind","Perfected Strike"],"picked":"Wild Strike","floor":5},{"not_picked":["Intimidate","Reckless Charge"],"picked":"Sword Boomerang","floor":6},{"not_picked":["Bloodletting","Seeing Red"],"picked":"Feed","floor":8},{"not_picked":["Havoc","Heavy Blade"],"picked":"Armaments","floor":12},{"not_picked":["Bludgeon","Clash","Rupture"],"picked":"SKIP","floor":13},{"not_picked":["Wild Strike","Body Slam","Flex"],"picked":"SKIP","floor":14},{"not_picked":["Juggernaut","Dark Embrace"],"picked":"Limit Break","floor":16},{"not_picked":["Blood for Blood+1"],"picked":"SKIP","floor":18},{"not_picked":["Iron Wave"],"picked":"SKIP","floor":19},{"not_picked":["Body Slam"],"picked":"SKIP","floor":20},{"not_picked":[],"picked":"Anger","floor":22},{"not_picked":[],"picked":"Shrug It Off","floor":24},{"not_picked":["Berserk"],"picked":"SKIP","floor":25},{"not_picked":["Cleave"],"picked":"Singing Bowl","floor":28},{"not_picked":[],"picked":"Metallicize","floor":29},{"not_picked":["Entrench+1"],"picked":"Singing Bowl","floor":30}],"player_experience":5054325,"relics_obtained":[{"floor":6,"key":"Happy Flower"},{"floor":8,"key":"Bird Faced Urn"},{"floor":9,"key":"Matryoshka"},{"floor":13,"key":"Red Skull"},{"floor":25,"key":"Omamori"},{"floor":26,"key":"Ancient Tea Set"},{"floor":26,"key":"Singing Bowl"},{"floor":28,"key":"Girya"},{"floor":30,"key":"Strawberry"}],"event_choices":[{"damage_healed":0,"gold_gain":0,"player_choice":"Grow","damage_taken":0,"max_hp_gain":0,"max_hp_loss":0,"event_name":"Living Wall","floor":3,"gold_loss":0,"cards_upgraded":["Shrug It Off"]},{"damage_healed":0,"gold_gain":0,"player_choice":"Upgraded","damage_taken":0,"max_hp_gain":0,"max_hp_loss":0,"event_name":"Upgrade Shrine","floor":4,"gold_loss":0,"cards_upgraded":["Strike_R"]},{"damage_healed":25,"gold_gain":0,"player_choice":"Banana","damage_taken":0,"max_hp_gain":0,"max_hp_loss":0,"event_name":"Big Fish","floor":10,"gold_loss":0},{"cards_removed":["Strike_R"],"damage_healed":0,"gold_gain":0,"player_choice":"Offered Basic","damage_taken":0,"max_hp_gain":0,"max_hp_loss":0,"event_name":"Bonfire Elementals","floor":21,"gold_loss":0},{"damage_healed":0,"gold_gain":50,"player_choice":"Stole From Cult","damage_taken":0,"max_hp_gain":0,"max_hp_loss":0,"event_name":"Nest","floor":31,"gold_loss":0}],"is_beta":true,"boss_relics":[{"not_picked":["White Beast Statue","Tiny House"],"picked":"Busted Crown"}],"items_purged_floors":[],"is_endless":false,"potions_floor_spawned":[2,5,12,14,16,18,22,25,29],"killed_by":"Automaton","ascension_level":20}