{"gold_per_floor":[117,134,134,35,46,80,80,110,165,199,199,214,243,2,2,76,76,89,103,103,103,121,121,21,21,21,48,66,86,32,62,62,136,136,155,173,273,284,300,330,330,362,362,18,31,47,65,97,97,97,97,97,97,18,44,44],"floor_reached":57,"playtime":5227,"items_purged":["Strike_R","Strike_R"],"score":2899,"play_id":"e0467eb6-3a7c-4f59-a6d7-34076632f27e","local_time":"20190302163252","is_ascension_mode":true,"campfire_choices":[{"data":"Inflame","floor":7,"key":"SMITH"},{"data":"Battle Trance","floor":15,"key":"SMITH"},{"data":"Ghostly","floor":23,"key":"SMITH"},{"data":"Ghostly","floor":25,"key":"SMITH"},{"data":"Ghostly","floor":32,"key":"SMITH"},{"floor":41,"key":"RECALL"},{"data":"Armaments","floor":49,"key":"SMITH"},{"data":"Inflame","floor":53,"key":"SMITH"}],"neow_cost":"NONE","seed_source_timestamp":108242048008313,"circlet_count":0,"master_deck":["AscendersBane","Strike_R","Strike_R","Defend_R","Defend_R+1","Defend_R","Defend_R","Bash","Pummel","Pommel Strike","Inflame+1","Metallicize","Battle Trance+1","Feel No Pain","Immolate","Inflame+1","Immolate","Anger","Metallicize","Ghostly+1","Ghostly+1","Ghostly+1","Armaments+1","Rage","Double Tap","Reaper","Thunderclap+1","Clothesline+1","Disarm","Shrug It Off","Sword Boomerang+1","Inflame","Burning Pact+1","Battle Trance+1","Sword Boomerang","Trip","Corruption+1"],"relics":["Burning Blood","Mummified Hand","Pen Nib","Nunchaku","Anchor","Centennial Puzzle","Runic Pyramid","Kunai","Potion Belt","Oddly Smooth Stone","PreservedInsect","Sozu","Magic Flower","Pantograph","Orichalcum","The Courier","Self Forming Clay","Sundial","War Paint"],"potions_floor_usage":[1,6,13,28,31,56],"damage_taken":[{"damage":0,"enemies":"Small Slimes","floor":1,"turns":4},{"damage":6,"enemies":"Cultist","floor":2,"turns":3},{"damage":2,"enemies":"Jaw Worm","floor":5,"turns":3},{"damage":29,"enemies":"Lagavulin","floor":6,"turns":6},{"damage":8,"enemies":"Gremlin Nob","floor":8,"turns":3},{"damage":6,"enemies":"3 Sentries","floor":10,"turns":7},{"damage":11,"enemies":"Exordium Wildlife","floor":12,"turns":3},{"damage":23,"enemies":"Lagavulin","floor":13,"turns":7},{"damage":11,"enemies":"The Guardian","floor":16,"turns":14},{"damage":8,"enemies":"Spheric Guardian","floor":18,"turns":3},{"damage":9,"enemies":"Shell Parasite","floor":19,"turns":3},{"damage":0,"enemies":"Centurion and Healer","floor":22,"turns":6},{"damage":0,"enemies":"Slavers","floor":27,"turns":2},{"damage":1,"enemies":"Snecko","floor":28,"turns":7},{"damage":0,"enemies":"Snake Plant","floor":29,"turns":4},{"damage":7,"enemies":"Book of Stabbing","floor":31,"turns":5},{"damage":0,"enemies":"Automaton","floor":33,"turns":9},{"damage":4,"enemies":"3 Shapes","floor":35,"turns":3},{"damage":1,"enemies":"3 Darklings","floor":36,"turns":2},{"damage":0,"enemies":"Mind Bloom Boss Battle","floor":37,"turns":8},{"damage":0,"enemies":"Sphere and 2 Shapes","floor":38,"turns":2},{"damage":0,"enemies":"Transient","floor":39,"turns":6},{"damage":38,"enemies":"Reptomancer","floor":40,"turns":5},{"damage":26,"enemies":"Giant Head","floor":42,"turns":7},{"damage":8,"enemies":"Writhing Mass","floor":45,"turns":6},{"damage":22,"enemies":"Spire Growth","floor":46,"turns":5},{"damage":0,"enemies":"Maw","floor":47,"turns":7},{"damage":7,"enemies":"Nemesis","floor":48,"turns":3},{"damage":34,"enemies":"Donu and Deca","floor":50,"turns":11},{"damage":54,"enemies":"Awakened One","floor":51,"turns":15},{"damage":6,"enemies":"Shield and Spear","floor":55,"turns":6},{"damage":32,"enemies":"The Heart","floor":56,"turns":9}],"seed_played":"-6028527479640918096","potions_obtained":[{"floor":0,"key":"Fire Potion"},{"floor":0,"key":"EssenceOfSteel"},{"floor":6,"key":"FairyPotion"},{"floor":11,"key":"SpeedPotion"},{"floor":12,"key":"Regen Potion"},{"floor":18,"key":"LiquidBronze"},{"floor":28,"key":"Swift Potion"}],"is_trial":false,"path_per_floor":["M","M","?","$","M","E","R","E","T","E","?","M","E","$","R","B",null,"M","M","?","?","M","R","$","R","T","E","M","M","?","E","R","B",null,"M","M","?","M","M","E","R","E","T","$","M","M","M","E","R","B","B",null,"R","$","E","B",null],"character_chosen":"IRONCLAD","items_purchased":["Inflame","Strength Potion","Centennial Puzzle","Self Forming Clay","Inflame","Burning Pact","Trip"],"campfire_rested":0,"item_purchase_floors":[4,4,14,44,44,44,54],"current_hp_per_floor":[74,74,67,67,71,48,48,46,46,46,46,41,39,39,39,34,65,63,60,39,39,40,40,40,40,40,40,40,40,40,39,39,40,40,40,40,40,40,40,40,40,40,40,40,40,40,40,40,40,40,32,38,38,38,40,40],"gold":44,"neow_bonus":"THREE_SMALL_POTIONS","is_prod":false,"is_daily":false,"chose_seed":false,"campfire_upgraded":7,"win_rate":0,"timestamp":1551573172,"path_taken":["M","M","?","$","M","E","R","E","T","E","?","?","E","$","R","BOSS","M","M","?","?","M","R","?","R","T","E","?","M","?","E","R","BOSS","M","?","?","M","M","E","R","E","T","$","M","M","M","E","R","BOSS","BOSS","R","$","E","BOSS"],"build_version":"2019-02-06","purchased_purges":2,"victory":true,"max_hp_per_floor":[75,75,75,75,75,75,75,75,75,75,75,75,75,75,75,75,75,75,75,80,40,40,40,40,40,40,40,40,40,40,40,40,40,40,40,40,40,40,40,40,40,40,40,40,40,40,40,40,40,40,40,40,40,40,40,40],"card_choices":[{"not_picked":["Power Through","Shockwave"],"picked":"Pummel","floor":1},{"not_picked":["Bloodletting","Twin Strike"],"picked":"Pommel Strike","floor":2},{"not_picked":["Body Slam","True Grit"],"picked":"Metallicize","floor":5},{"not_picked":["Carnage","Intimidate"],"picked":"Battle Trance","floor":6},{"not_picked":["Sword Boomerang","Dual Wield"],"picked":"Feel No Pain","floor":8},{"not_picked":["Perfected Strike","Flex","Armaments"],"picked":"SKIP","floor":10},{"not_picked":["Warcry","Iron Wave"],"picked":"Immolate","floor":12},{"not_picked":["Bloodletting","Shockwave"],"picked":"Inflame","floor":13},{"not_picked":["Fiend Fire","Demon Form"],"picked":"Immolate","floor":16},{"not_picked":["Thunderclap","Shockwave"],"picked":"Anger","floor":18},{"not_picked":["Burning Pact","Heavy Blade"],"picked":"Metallicize","floor":19},{"not_picked":["Body Slam+1","Anger"],"picked":"Armaments","floor":22},{"not_picked":["Flex","Blood for Blood"],"picked":"Rage","floor":27},{"not_picked":["Twin Strike","Iron Wave"],"picked":"Double Tap","floor":28},{"not_picked":["Flex","Wild Strike","Sentinel"],"picked":"SKIP","floor":29},{"not_picked":["Bludgeon","Havoc","Headbutt"],"picked":"SKIP","floor":31},{"not_picked":["Double Tap","Immolate"],"picked":"Reaper","floor":33},{"not_picked":["Headbutt","Perfected Strike"],"picked":"Thunderclap+1","floor":35},{"not_picked":["Anger","Pommel Strike"],"picked":"Clothesline+1","floor":36},{"not_picked":["Searing Blow","Thunderclap"],"picked":"Disarm","floor":37},{"not_picked":["Pommel Strike+1","Body Slam","Havoc"],"picked":"SKIP","floor":38},{"not_picked":["Wild Strike+1","Twin Strike","Sword Boomerang"],"picked":"SKIP","floor":39},{"not_picked":["Combust+1","Sword Boomerang"],"picked":"Shrug It Off","floor":40},{"not_picked":["Havoc","Bludgeon"],"picked":"Sword Boomerang+1","floor":42},{"not_picked":["Fire Breathing","Clash+1","Cleave"],"picked":"SKIP","floor":45},{"not_picked":["Flex","Anger","Perfected Strike"],"picked":"SKIP","floor":46},{"not_picked":["Warcry","Thunderclap"],"picked":"Battle Trance+1","floor":47},{"not_picked":["Warcry","Cleave+1"],"picked":"Sword Boomerang","floor":48},{"not_picked":["Intimidate","Clash"],"picked":"Corruption+1","floor":55}],"player_experience":5007045,"relics_obtained":[{"floor":6,"key":"Mummified Hand"},{"floor":8,"key":"Pen Nib"},{"floor":10,"key":"Nunchaku"},{"floor":13,"key":"Anchor"},{"floor":26,"key":"Kunai"},{"floor":27,"key":"Potion Belt"},{"floor":31,"key":"PreservedInsect"},{"floor":37,"key":"Magic Flower"},{"floor":40,"key":"Pantograph"},{"floor":42,"key":"Orichalcum"},{"floor":43,"key":"The Courier"},{"floor":48,"key":"Sundial"},{"floor":55,"key":"War Paint"}],"event_choices":[{"cards_removed":["Strike_R"],"damage_healed":0,"gold_gain":0,"player_choice":"Card Removal","damage_taken":7,"max_hp_gain":0,"max_hp_loss":0,"event_name":"Golden Wing","floor":3,"gold_loss":0},{"damage_healed":0,"gold_gain":0,"player_choice":"Got Potions","damage_taken":0,"max_hp_gain":0,"max_hp_loss":0,"event_name":"Lab","floor":11,"gold_loss":0},{"damage_healed":0,"gold_gain":0,"player_choice":"Shed Blood","damage_taken":26,"max_hp_gain":5,"max_hp_loss":0,"event_name":"Forgotten Altar","floor":20,"gold_loss":0},{"damage_healed":0,"gold_gain":0,"player_choice":"Became a Ghost","damage_taken":0,"max_hp_gain":0,"max_hp_loss":40,"event_name":"Ghosts","floor":21,"gold_loss":0,"cards_obtained":["Ghostly","Ghostly","Ghostly"]},{"damage_healed":0,"gold_gain":0,"player_choice":"Paid Gold","damage_taken":0,"relics_obtained":["Oddly Smooth Stone"],"max_hp_gain":0,"max_hp_loss":0,"event_name":"WeMeetAgain","floor":30,"gold_loss":54},{"damage_healed":0,"gold_gain":0,"player_choice":"Fight","damage_taken":0,"max_hp_gain":0,"max_hp_loss":0,"event_name":"MindBloom","floor":37,"gold_loss":0}],"is_beta":true,"boss_relics":[{"not_picked":["Fusion Hammer","Mark of Pain"],"picked":"Runic Pyramid"},{"not_picked":["Pandora\u0027s Box","Eternal Feather"],"picked":"Sozu"}],"items_purged_floors":[14,24],"is_endless":false,"potions_floor_spawned":[6,12,18,22,28,38,40,45,46,47,48],"ascension_level":20}