{"gold_per_floor":[116,116,128,146,146,146,164,194,194,194,272,305,270,3,3,77,77,88,138,31,44,44,44,64,90,145,145,159,191,205,205,205,282,282,298,298,1297,492,509,544,544,421,471,471,471,471,498,515,515,515,515,515,515,67,98,98],"floor_reached":57,"playtime":3826,"items_purged":["Normality","Strike_B","Pain"],"score":2933,"play_id":"04a7a14f-403b-4018-bd10-42e9f5f61295","local_time":"20190228141343","is_ascension_mode":true,"campfire_choices":[{"data":"Zap","floor":6,"key":"SMITH"},{"data":"Doom and Gloom","floor":10,"key":"SMITH"},{"floor":15,"key":"REST"},{"floor":23,"key":"REST"},{"floor":27,"key":"REST"},{"data":"Coolheaded","floor":32,"key":"SMITH"},{"floor":41,"key":"RECALL"},{"data":"Defragment","floor":45,"key":"SMITH"},{"data":"Biased Cognition","floor":49,"key":"SMITH"},{"data":"Static Discharge","floor":53,"key":"SMITH"}],"neow_cost":"NONE","seed_source_timestamp":8989934532195,"circlet_count":0,"master_deck":["AscendersBane","Defend_B","Defend_B","Defend_B","Defend_B","Zap+1","Dualcast","Doom and Gloom+1","Chill","Coolheaded+1","Sweeping Beam+1","Core Surge+1","Force Field+1","Conserve Battery+1","Doom and Gloom+1","Creative AI","Doom and Gloom+1","Glacier+1","Meteor Strike+1","Meteor Strike+1","Rainbow+1","Amplify+1","Coolheaded+1","Defragment+1","Heatsinks","Self Repair","Static Discharge+1","Heatsinks","Defragment+1","Heatsinks","Hologram+1","Biased Cognition+1","Hologram+1","Recycle+1","Darkness+1","Coolheaded+1","Static Discharge","Storm","Static Discharge","Heatsinks","Heatsinks"],"relics":["Cracked Core","Omamori","Blood Vial","Molten Egg 2","Toxic Egg 2","Snecko Eye","WarpedTongs","Mummified Hand","Bag of Preparation","The Courier","Cursed Key","FossilizedHelix","Potion Belt","Shuriken","Happy Flower"],"potions_floor_usage":[12,12,25,25,33,56,56,56,56,56,56,56,56],"damage_taken":[{"damage":0,"enemies":"2 Louse","floor":1,"turns":2},{"damage":1,"enemies":"Cultist","floor":3,"turns":3},{"damage":10,"enemies":"Small Slimes","floor":4,"turns":4},{"damage":7,"enemies":"Blue Slaver","floor":7,"turns":3},{"damage":21,"enemies":"Lagavulin","floor":8,"turns":5},{"damage":4,"enemies":"Gremlin Nob","floor":12,"turns":3},{"damage":31,"enemies":"Slime Boss","floor":16,"turns":7},{"damage":30,"enemies":"Shell Parasite","floor":18,"turns":6},{"damage":3,"enemies":"Chosen","floor":21,"turns":5},{"damage":0,"enemies":"3 Cultists","floor":24,"turns":4},{"damage":36,"enemies":"Book of Stabbing","floor":25,"turns":6},{"damage":9,"enemies":"Centurion and Healer","floor":28,"turns":5},{"damage":18,"enemies":"Gremlin Leader","floor":29,"turns":5},{"damage":0,"enemies":"Cultist and Chosen","floor":30,"turns":6},{"damage":18,"enemies":"Automaton","floor":33,"turns":7},{"damage":1,"enemies":"3 Darklings","floor":35,"turns":4},{"damage":0,"enemies":"Orb Walker","floor":39,"turns":2},{"damage":0,"enemies":"Nemesis","floor":40,"turns":1},{"damage":4,"enemies":"Giant Head","floor":47,"turns":5},{"damage":3,"enemies":"Transient","floor":48,"turns":6},{"damage":4,"enemies":"Time Eater","floor":50,"turns":7},{"damage":14,"enemies":"Donu and Deca","floor":51,"turns":3},{"damage":12,"enemies":"Shield and Spear","floor":55,"turns":2},{"damage":0,"enemies":"The Heart","floor":56,"turns":6}],"seed_played":"2145638620272507782","potions_obtained":[{"floor":1,"key":"Swift Potion"},{"floor":3,"key":"AttackPotion"},{"floor":5,"key":"Explosive Potion"},{"floor":16,"key":"PowerPotion"},{"floor":18,"key":"Strength Potion"},{"floor":25,"key":"EntropicBrew"},{"floor":29,"key":"Block Potion"},{"floor":33,"key":"SkillPotion"},{"floor":35,"key":"FocusPotion"}],"is_trial":false,"path_per_floor":["M","?","M","M","?","R","M","E","T","R","?","E","?","$","R","B",null,"M","?","$","M","?","R","M","E","T","R","M","E","M","?","R","B",null,"M","?","?","$","M","E","R","$","T","?","R","?","E","M","R","B","B",null,"R","$","E","B",null],"character_chosen":"DEFECT","items_purchased":["Toxic Egg 2","Conserve Battery+1","Doom and Gloom+1","Coolheaded+1","FossilizedHelix","Defragment","Heatsinks","Self Repair","Static Discharge","Heatsinks","Defragment","Heatsinks","Hologram+1","Coolheaded+1","Weak Potion","Block Potion","Static Discharge","Storm","Static Discharge","Heatsinks"],"campfire_rested":3,"item_purchase_floors":[14,20,20,38,38,38,38,38,38,38,38,38,42,54,54,54,54,54,54,54],"current_hp_per_floor":[64,69,68,58,58,58,51,30,30,30,30,28,47,47,69,40,67,39,39,39,38,38,60,62,28,28,50,43,27,29,29,29,13,60,61,61,61,61,73,76,76,76,76,76,76,76,76,76,76,76,69,74,74,74,71,76],"gold":98,"neow_bonus":"REMOVE_CARD","is_prod":false,"is_daily":false,"chose_seed":false,"campfire_upgraded":6,"win_rate":0,"timestamp":1551392023,"path_taken":["M","?","M","M","?","R","?","E","T","R","?","E","?","$","R","BOSS","M","?","$","M","?","R","M","E","T","R","M","E","?","?","R","BOSS","M","?","?","$","M","E","R","$","T","?","R","?","E","M","R","BOSS","BOSS","R","$","E","BOSS"],"build_version":"2019-02-06","purchased_purges":3,"victory":true,"max_hp_per_floor":[71,76,76,76,76,76,76,76,76,76,76,76,76,76,76,76,76,76,76,76,76,76,76,76,76,76,76,76,76,76,76,76,76,76,76,76,76,76,76,76,76,76,76,76,76,76,76,76,76,76,76,76,76,76,76,76],"card_choices":[{"not_picked":["Leap","Redo","Heatsinks"],"picked":"SKIP","floor":1},{"not_picked":["Sweeping Beam","Self Repair"],"picked":"Doom and Gloom","floor":3},{"not_picked":["Hologram","Stack"],"picked":"Chill","floor":4},{"not_picked":["Redo","Multi-Cast"],"picked":"FTL","floor":7},{"not_picked":["Rebound","Redo"],"picked":"Coolheaded","floor":8},{"not_picked":["Compile Driver","Reprogram"],"picked":"Sweeping Beam","floor":12},{"not_picked":["Amplify+1","Meteor Strike+1"],"picked":"Core Surge+1","floor":16},{"not_picked":["Steam+1","Leap+1"],"picked":"Force Field+1","floor":18},{"not_picked":["Steam+1","Sweeping Beam+1","Ball Lightning+1"],"picked":"SKIP","floor":21},{"not_picked":["Redo+1","Barrage+1","Rip and Tear+1"],"picked":"SKIP","floor":24},{"not_picked":["Sweeping Beam+1","Cold Snap+1"],"picked":"Creative AI","floor":25},{"not_picked":["Barrage+1","Sweeping Beam+1"],"picked":"Doom and Gloom+1","floor":28},{"not_picked":["Cold Snap+1","Chill+1"],"picked":"Glacier+1","floor":29},{"not_picked":["Gash+1","Turbo+1"],"picked":"Meteor Strike+1","floor":30},{"not_picked":["Fission+1","Multi-Cast+1"],"picked":"Amplify+1","floor":33},{"not_picked":["Leap+1","Melter+1","Streamline+1"],"picked":"SKIP","floor":35},{"not_picked":["Stack+1","Double Energy+1"],"picked":"Hologram+1","floor":39},{"not_picked":["Double Energy+1","Beam Cell+1"],"picked":"Biased Cognition","floor":40},{"not_picked":["Gash+1","Auto Shields+1"],"picked":"Recycle+1","floor":47},{"not_picked":["Redo+1","Ball Lightning+1"],"picked":"Darkness+1","floor":48},{"not_picked":["Conserve Battery+1","Rip and Tear+1"],"picked":"Heatsinks","floor":55}],"player_experience":4968833,"relics_obtained":[{"floor":8,"key":"Omamori"},{"floor":9,"key":"Blood Vial"},{"floor":12,"key":"Molten Egg 2"},{"floor":25,"key":"Mummified Hand"},{"floor":26,"key":"Bag of Preparation"},{"floor":29,"key":"The Courier"},{"floor":40,"key":"Potion Belt"},{"floor":47,"key":"Shuriken"},{"floor":55,"key":"Happy Flower"}],"event_choices":[{"damage_healed":0,"gold_gain":0,"player_choice":"Donut","damage_taken":0,"max_hp_gain":5,"max_hp_loss":0,"event_name":"Big Fish","floor":2,"gold_loss":0},{"damage_healed":0,"gold_gain":0,"player_choice":"Got Potions","damage_taken":0,"max_hp_gain":0,"max_hp_loss":0,"event_name":"Lab","floor":5,"gold_loss":0},{"damage_healed":0,"gold_gain":78,"player_choice":"Gained Gold","damage_taken":0,"max_hp_gain":0,"max_hp_loss":0,"event_name":"Golden Wing","floor":11,"gold_loss":0},{"damage_healed":19,"gold_gain":0,"player_choice":"Healed","damage_taken":0,"max_hp_gain":0,"max_hp_loss":0,"event_name":"The Cleric","floor":13,"gold_loss":35},{"damage_healed":0,"gold_gain":50,"player_choice":"Stole From Cult","damage_taken":0,"max_hp_gain":0,"max_hp_loss":0,"event_name":"Nest","floor":19,"gold_loss":0},{"damage_healed":0,"gold_gain":0,"player_choice":"Rummage","damage_taken":0,"relics_obtained":["WarpedTongs"],"max_hp_gain":0,"max_hp_loss":0,"event_name":"Accursed Blacksmith","floor":22,"gold_loss":0,"cards_obtained":["Pain"]},{"damage_healed":0,"gold_gain":0,"cards_transformed":["Strike_B","Strike_B"],"player_choice":"Became Test Subject","damage_taken":0,"max_hp_gain":0,"max_hp_loss":0,"event_name":"Drug Dealer","floor":31,"gold_loss":0,"cards_obtained":["Meteor Strike","Rainbow"]},{"cards_removed":["FTL"],"damage_healed":0,"gold_gain":0,"player_choice":"Removed Attack","damage_taken":0,"max_hp_gain":0,"max_hp_loss":0,"event_name":"Falling","floor":36,"gold_loss":0},{"damage_healed":0,"gold_gain":999,"player_choice":"Gold","damage_taken":0,"max_hp_gain":0,"max_hp_loss":0,"event_name":"MindBloom","floor":37,"gold_loss":0,"cards_obtained":["Normality","Normality"]},{"damage_healed":0,"gold_gain":0,"player_choice":"Memory 1","damage_taken":0,"max_hp_gain":0,"max_hp_loss":0,"event_name":"SensoryStone","floor":44,"gold_loss":0},{"damage_healed":0,"gold_gain":0,"player_choice":"Upgraded","damage_taken":0,"max_hp_gain":0,"max_hp_loss":0,"event_name":"Upgrade Shrine","floor":46,"gold_loss":0,"cards_upgraded":["Defragment"]}],"is_beta":true,"boss_relics":[{"not_picked":["Velvet Choker","Lizard Tail"],"picked":"Snecko Eye"},{"not_picked":["Runic Pyramid","Pandora\u0027s Box"],"picked":"Cursed Key"}],"items_purged_floors":[38,42,54],"is_endless":false,"potions_floor_spawned":[1,3,8,16,18,25,29,30,33,35,39],"ascension_level":20}