{"gold_per_floor":[19,169,180,11,26,51,51,85,138,98,123,123,143,176,176,255,255,270,270,29,29,39,39,39,68,68,68,83,83,83,94,94,171,171,183,233,252,252,266,266,295,195,221,221,240,265,265,265,265,265,265,265,265,7,34,34],"floor_reached":57,"playtime":5313,"items_purged":["Doubt","Pain","Strike_R+1"],"score":2758,"play_id":"5e60366d-f560-436b-8a17-dd0e6fdc5233","local_time":"20190228115113","is_ascension_mode":true,"campfire_choices":[{"data":"Bash","floor":7.0,"key":"SMITH"},{"data":"Fiend Fire","floor":12.0,"key":"SMITH"},{"data":"Brutality","floor":15.0,"key":"SMITH"},{"data":"Demon Form","floor":23,"key":"SMITH"},{"floor":27,"key":"DIG"},{"floor":29,"key":"DIG"},{"floor":32,"key":"DIG"},{"floor":40,"key":"DIG"},{"floor":47,"key":"DIG"},{"floor":49,"key":"RECALL"},{"floor":53,"key":"DIG"}],"neow_cost":"NO_GOLD","seed_source_timestamp":0,"circlet_count":0,"master_deck":["AscendersBane","Strike_R+1","Defend_R+1","Defend_R+1","Defend_R+1","Defend_R+1","Bash+1","Fiend Fire+1","Disarm","Headbutt","Feel No Pain","Shrug It Off","Shrug It Off","Twin Strike","Infernal Blade","Brutality+1","Demon Form+1","Reckless Charge+1","Searing Blow+1","Headbutt+1","Havoc+1","RitualDagger","Battle Trance","Sword Boomerang","Corruption+1","Demon Form","Feel No Pain","Battle Trance+1","True Grit+1","Shockwave","True Grit","Power Through"],"special_seed":0,"relics":["Burning Blood","Bag of Preparation","Dream Catcher","Tiny Chest","Potion Belt","Gremlin Horn","Astrolabe","Lantern","Torii","Shovel","Pantograph","PreservedInsect","Red Skull","Sozu","Magic Flower","WarpedTongs","Incense Burner","Blue Candle","Champion Belt","Blood Vial","Bottled Tornado","Boot"],"potions_floor_usage":[33,50,55,56,56],"damage_taken":[{"damage":5.0,"enemies":"Small Slimes","floor":1.0,"turns":4.0},{"damage":11.0,"enemies":"2 Louse","floor":3.0,"turns":4.0},{"damage":5.0,"enemies":"Jaw Worm","floor":5.0,"turns":4.0},{"damage":16.0,"enemies":"Lagavulin","floor":6.0,"turns":7.0},{"damage":8.0,"enemies":"Gremlin Nob","floor":8.0,"turns":3.0},{"damage":1.0,"enemies":"Looter","floor":10.0,"turns":4.0},{"damage":3.0,"enemies":"3 Sentries","floor":11.0,"turns":13.0},{"damage":0.0,"enemies":"Red Slaver","floor":13.0,"turns":1.0},{"damage":24.0,"enemies":"Gremlin Nob","floor":14.0,"turns":4.0},{"damage":35.0,"enemies":"Slime Boss","floor":16.0,"turns":9.0},{"damage":21.0,"enemies":"Shell Parasite","floor":18.0,"turns":4.0},{"damage":1,"enemies":"Spheric Guardian","floor":22,"turns":2},{"damage":12,"enemies":"Gremlin Leader","floor":25,"turns":5},{"damage":8,"enemies":"Snake Plant","floor":28,"turns":2},{"damage":12,"enemies":"Cultist and Chosen","floor":31,"turns":6},{"damage":47,"enemies":"Champ","floor":33,"turns":13},{"damage":3,"enemies":"Orb Walker","floor":35,"turns":3},{"damage":31,"enemies":"2 Orb Walkers","floor":36,"turns":4},{"damage":6,"enemies":"3 Shapes","floor":37,"turns":5},{"damage":4,"enemies":"Spire Growth","floor":39,"turns":3},{"damage":24,"enemies":"Giant Head","floor":41,"turns":6},{"damage":1,"enemies":"4 Shapes","floor":45,"turns":4},{"damage":2,"enemies":"Nemesis","floor":46,"turns":3},{"damage":58,"enemies":"Donu and Deca","floor":50,"turns":7},{"damage":39,"enemies":"Awakened One","floor":51,"turns":11},{"damage":47,"enemies":"Shield and Spear","floor":55,"turns":9},{"damage":8,"enemies":"The Heart","floor":56,"turns":9}],"seed_played":"5719982981333863425","potions_obtained":[{"floor":3.0,"key":"Fire Potion"},{"floor":8.0,"key":"EssenceOfSteel"},{"floor":11.0,"key":"Ancient Potion"},{"floor":13.0,"key":"GamblersBrew"},{"floor":14.0,"key":"BloodPotion"},{"floor":31,"key":"PowerPotion"},{"floor":33,"key":"SkillPotion"}],"is_trial":false,"path_per_floor":["M","?","M","$","M","E","R","E","T","M","E","R","M","E","R","B",null,"M","?","$","?","M","R","?","E","T","R","M","R","$","M","R","B",null,"M","?","M","?","M","R","E","$","T","?","M","E","R","$","R","B","B",null,"R","$","E","B",null],"character_chosen":"IRONCLAD","items_purchased":["Feel No Pain","Fire Potion","Battle Trance","Lantern","True Grit","Power Through"],"campfire_rested":0,"item_purchase_floors":[4,4,20,20,54,54],"current_hp_per_floor":[69,69,64,64,65,55,55,53,53,58,61,61,67,49,49,20,61,46,40,40,55,60,60,60,54,54,54,52,52,52,46,46,30,64,67,42,45,45,50,50,35,35,35,35,43,50,50,50,50,22,33,62,62,62,27,69],"gold":34,"neow_bonus":"THREE_RARE_CARDS","is_prod":false,"is_daily":false,"chose_seed":false,"campfire_upgraded":4,"win_rate":0,"timestamp":1551383473,"path_taken":["M","?","M","$","M","E","R","E","T","M","E","R","M","E","R","BOSS","M","?","$","?","M","R","?","E","T","R","?","R","$","M","R","BOSS","M","?","M","?","?","R","E","$","T","?","M","E","R","$","R","BOSS","BOSS","R","$","E","BOSS"],"build_version":"2019-02-06","purchased_purges":3,"victory":true,"max_hp_per_floor":[75,75,75,75,75,75,75,75,75,75,75,75,75,75,75,75,75,75,75,75,75,75,75,75,75,75,75,75,75,75,75,75,75,75,75,75,75,75,75,75,75,75,75,71,71,71,71,71,71,71,71,71,71,71,71,71],"card_choices":[{"not_picked":["Offering","Double Tap"],"picked":"Fiend Fire","floor":0.0},{"not_picked":["Warcry","Clash"],"picked":"Disarm","floor":1.0},{"not_picked":["Corruption","Heavy Blade"],"picked":"Headbutt","floor":3.0},{"not_picked":["Second Wind","Pommel Strike"],"picked":"Shrug It Off","floor":5.0},{"not_picked":["Thunderclap","Cleave"],"picked":"Shrug It Off","floor":6.0},{"not_picked":["Fiend Fire","Clash","Dropkick"],"picked":"SKIP","floor":8.0},{"not_picked":["Heavy Blade","Dropkick","Dual Wield"],"picked":"SKIP","floor":10.0},{"not_picked":["Warcry","Fiend Fire"],"picked":"Twin Strike","floor":11.0},{"not_picked":["Headbutt","Sword Boomerang"],"picked":"Infernal Blade","floor":13.0},{"not_picked":["Headbutt","Dark Embrace"],"picked":"Brutality","floor":14.0},{"not_picked":["Berserk","Impervious"],"picked":"Demon Form","floor":16.0},{"not_picked":["Sword Boomerang","Inflame"],"picked":"Havoc+1","floor":18},{"not_picked":["Hemokinesis","Berserk"],"picked":"Sword Boomerang","floor":22},{"not_picked":["Armaments","Clash","Warcry"],"picked":"SKIP","floor":25},{"not_picked":["Havoc","Fiend Fire"],"picked":"Corruption+1","floor":28},{"not_picked":["Sentinel","Sword Boomerang","Flex"],"picked":"SKIP","floor":31},{"not_picked":["Barricade","Double Tap"],"picked":"Demon Form","floor":33},{"not_picked":["Warcry","Thunderclap+1","Iron Wave"],"picked":"SKIP","floor":35},{"not_picked":["Carnage","Shrug It Off"],"picked":"Feel No Pain","floor":36},{"not_picked":["Clothesline+1","True Grit"],"picked":"Battle Trance+1","floor":37},{"not_picked":["Headbutt","Body Slam"],"picked":"True Grit+1","floor":39},{"not_picked":["Dual Wield","Fire Breathing","Immolate"],"picked":"SKIP","floor":41},{"not_picked":["Flex","Body Slam","Headbutt"],"picked":"SKIP","floor":45},{"not_picked":["Flex","Body Slam","Headbutt"],"picked":"SKIP","floor":45},{"not_picked":["Body Slam","Evolve"],"picked":"Shockwave","floor":46},{"not_picked":["Second Wind","Perfected Strike+1","Carnage+1"],"picked":"SKIP","floor":55}],"player_experience":4958898,"relics_obtained":[{"floor":6.0,"key":"Bag of Preparation"},{"floor":8.0,"key":"Dream Catcher"},{"floor":9.0,"key":"Tiny Chest"},{"floor":11.0,"key":"Potion Belt"},{"floor":14.0,"key":"Gremlin Horn"},{"floor":25,"key":"Torii"},{"floor":26,"key":"Shovel"},{"floor":27,"key":"Pantograph"},{"floor":29,"key":"PreservedInsect"},{"floor":32,"key":"Red Skull"},{"floor":36,"key":"Magic Flower"},{"floor":40,"key":"Incense Burner"},{"floor":41,"key":"Blue Candle"},{"floor":46,"key":"Champion Belt"},{"floor":47,"key":"Blood Vial"},{"floor":53,"key":"Bottled Tornado"},{"floor":55,"key":"Boot"}],"event_choices":[{"damage_healed":0.0,"max_hp_gain":0.0,"max_hp_loss":0.0,"gold_gain":150.0,"event_name":"Liars Game","player_choice":"AGREE","floor":2.0,"gold_loss":0.0,"damage_taken":0.0,"cards_obtained":["Doubt"]},{"damage_healed":0,"gold_gain":0,"player_choice":"Joined the Cult","damage_taken":6,"max_hp_gain":0,"max_hp_loss":0,"event_name":"Nest","floor":19,"gold_loss":0,"cards_obtained":["RitualDagger"]},{"damage_healed":15,"gold_gain":0,"player_choice":"Heal","damage_taken":0,"max_hp_gain":0,"max_hp_loss":0,"event_name":"The Library","floor":21,"gold_loss":0},{"damage_healed":0,"gold_gain":0,"player_choice":"Simplicity","damage_taken":0,"max_hp_gain":0,"max_hp_loss":0,"event_name":"Back to Basics","floor":24,"gold_loss":0,"cards_upgraded":["Strike_R","Strike_R","Defend_R","Defend_R","Defend_R","Defend_R"]},{"damage_healed":0,"gold_gain":0,"player_choice":"Fight","damage_taken":0,"max_hp_gain":0,"max_hp_loss":0,"event_name":"Mysterious Sphere","floor":36,"gold_loss":0},{"damage_healed":0,"gold_gain":0,"player_choice":"Rummage","damage_taken":0,"relics_obtained":["WarpedTongs"],"max_hp_gain":0,"max_hp_loss":0,"event_name":"Accursed Blacksmith","floor":38,"gold_loss":0,"cards_obtained":["Pain"]},{"damage_healed":0,"gold_gain":0,"player_choice":"Max HP","damage_taken":0,"max_hp_gain":0,"max_hp_loss":4,"event_name":"Winding Halls","floor":44,"gold_loss":0}],"is_beta":true,"boss_relics":[{"not_picked":["Mark of Pain","Pandora\u0027s Box"],"picked":"Astrolabe"},{"not_picked":["Busted Crown","Tiny House"],"picked":"Sozu"}],"items_purged_floors":[4,42,54],"is_endless":false,"potions_floor_spawned":[3,8,11,13,14,31,33,36,37,39,41],"ascension_level":20}