{"gold_per_floor":[110,121,121,132,132,163,178,178,178,188,205,235,235,246,246,318,318,290,32,52,52,52,85,85,114,140,165,185,185,220,231,231,231],"floor_reached":33,"playtime":2539,"items_purged":["Pain"],"score":724,"play_id":"06a96c20-dea9-40a3-b8f7-eddf861d19ff","local_time":"20190301170108","is_ascension_mode":true,"campfire_choices":[{"floor":8,"key":"REST"},{"data":"Self Repair","floor":13,"key":"SMITH"},{"data":"Defragment","floor":15,"key":"SMITH"},{"data":"Electrodynamics","floor":24,"key":"SMITH"},{"data":"Buffer","floor":29,"key":"SMITH"},{"floor":32,"key":"REST"}],"neow_cost":"NONE","seed_source_timestamp":26277252767800,"circlet_count":0,"master_deck":["AscendersBane","Strike_B","Strike_B","Strike_B","Strike_B","Defend_B","Defend_B","Defend_B","Defend_B","Zap","Dualcast","Coolheaded","Compile Driver","Cold Snap","Ball Lightning","Ball Lightning","Self Repair+1","Glacier","Defragment+1","Buffer+1","Static Discharge","Electrodynamics+1","Ghostly","Ghostly","Ghostly","Go for the Eyes+1","Compile Driver","Recycle"],"relics":["Cracked Core","WarpedTongs","Bag of Marbles","Torii","Nuclear Battery","Membership Card","Blue Candle","Dodecahedron","Juzu Bracelet","Kunai","Frozen Egg 2"],"potions_floor_usage":[6,16,23,33],"damage_taken":[{"damage":3,"enemies":"2 Louse","floor":1,"turns":2},{"damage":2,"enemies":"Jaw Worm","floor":2,"turns":5},{"damage":0,"enemies":"Cultist","floor":4,"turns":3},{"damage":62,"enemies":"Gremlin Nob","floor":6,"turns":5},{"damage":1,"enemies":"2 Fungi Beasts","floor":7,"turns":4},{"damage":6,"enemies":"Blue Slaver","floor":10,"turns":3},{"damage":5,"enemies":"Exordium Wildlife","floor":11,"turns":4},{"damage":28,"enemies":"Lagavulin","floor":12,"turns":6},{"damage":3,"enemies":"Lots of Slimes","floor":14,"turns":4},{"damage":8,"enemies":"Hexaghost","floor":16,"turns":9},{"damage":18,"enemies":"2 Thieves","floor":18,"turns":4},{"damage":0,"enemies":"Spheric Guardian","floor":20,"turns":4},{"damage":3,"enemies":"Book of Stabbing","floor":23,"turns":6},{"damage":28,"enemies":"Gremlin Leader","floor":25,"turns":7},{"damage":0,"enemies":"Slavers","floor":27,"turns":4},{"damage":0,"enemies":"3 Cultists","floor":28,"turns":4},{"damage":5,"enemies":"Book of Stabbing","floor":30,"turns":5},{"damage":7,"enemies":"Snake Plant","floor":31,"turns":4},{"damage":61,"enemies":"Automaton","floor":33,"turns":12}],"seed_played":"6060359562954580134","potions_obtained":[{"floor":2,"key":"Block Potion"},{"floor":4,"key":"FairyPotion"},{"floor":11,"key":"Fire Potion"},{"floor":12,"key":"Ancient Potion"},{"floor":18,"key":"EssenceOfSteel"},{"floor":25,"key":"Fire Potion"},{"floor":30,"key":"AttackPotion"}],"is_trial":false,"path_per_floor":["M","M","?","M","?","E","M","R","T","M","M","E","R","M","R","B",null,"M","$","M","?","?","E","R","E","T","E","M","R","E","M","R","B"],"character_chosen":"DEFECT","items_purchased":["Membership Card"],"campfire_rested":2,"item_purchase_floors":[19],"current_hp_per_floor":[68,66,66,66,66,4,3,26,26,20,15,16,16,23,23,25,65,57,57,67,67,39,39,39,21,21,31,39,39,39,32,39,0],"gold":231,"neow_bonus":"TEN_PERCENT_HP_BONUS","is_prod":false,"is_daily":false,"chose_seed":false,"campfire_upgraded":4,"win_rate":0,"timestamp":1551488468,"path_taken":["M","M","?","M","?","E","M","R","T","M","M","E","R","M","R","BOSS","M","$","?","?","?","E","R","E","T","E","M","R","E","M","R","BOSS"],"build_version":"2019-02-06","purchased_purges":1,"victory":false,"max_hp_per_floor":[78,78,78,78,78,78,78,78,78,78,78,78,78,78,78,78,78,78,78,78,78,39,39,39,39,39,39,39,39,39,39,39,39],"card_choices":[{"not_picked":["Leap","Recycle"],"picked":"Coolheaded","floor":1},{"not_picked":["Steam","Stack"],"picked":"Compile Driver","floor":2},{"not_picked":["Auto Shields","Leap"],"picked":"Cold Snap","floor":4},{"not_picked":["Redo","Beam Cell","Auto Shields"],"picked":"SKIP","floor":6},{"not_picked":["Cold Snap","Steam Power"],"picked":"Ball Lightning","floor":7},{"not_picked":["Go for the Eyes","Gash"],"picked":"Ball Lightning","floor":10},{"not_picked":["Ball Lightning","Steam"],"picked":"Self Repair","floor":11},{"not_picked":["Sweeping Beam","Cold Snap"],"picked":"Glacier","floor":12},{"not_picked":["Consume","Barrage"],"picked":"Defragment","floor":14},{"not_picked":["Hyperbeam","Amplify"],"picked":"Buffer","floor":16},{"not_picked":["Redo","Rebound"],"picked":"Static Discharge","floor":18},{"not_picked":["Beam Cell+1","Sweeping Beam"],"picked":"Electrodynamics","floor":20},{"not_picked":["Ball Lightning","Darkness","Aggregate"],"picked":"SKIP","floor":23},{"not_picked":["Scrape","Stack"],"picked":"Go for the Eyes+1","floor":25},{"not_picked":["Cold Snap","Consume"],"picked":"Compile Driver","floor":27},{"not_picked":["Beam Cell","Redo+1","Chill"],"picked":"SKIP","floor":28},{"not_picked":["Thunder Strike","Skim"],"picked":"Recycle","floor":30},{"not_picked":["Ball Lightning","Turbo","Sweeping Beam"],"picked":"SKIP","floor":31}],"player_experience":4989865,"relics_obtained":[{"floor":6,"key":"Bag of Marbles"},{"floor":12,"key":"Torii"},{"floor":23,"key":"Blue Candle"},{"floor":25,"key":"Dodecahedron"},{"floor":26,"key":"Juzu Bracelet"},{"floor":27,"key":"Kunai"},{"floor":30,"key":"Frozen Egg 2"}],"event_choices":[{"damage_healed":0,"gold_gain":0,"player_choice":"Ignored","damage_taken":0,"max_hp_gain":0,"max_hp_loss":0,"event_name":"Liars Game","floor":3,"gold_loss":0},{"damage_healed":0,"gold_gain":0,"player_choice":"Rummage","damage_taken":0,"relics_obtained":["WarpedTongs"],"max_hp_gain":0,"max_hp_loss":0,"event_name":"Accursed Blacksmith","floor":5,"gold_loss":0,"cards_obtained":["Pain"]},{"damage_healed":0,"gold_gain":0,"player_choice":"Ignored","damage_taken":0,"max_hp_gain":0,"max_hp_loss":0,"event_name":"The Mausoleum","floor":21,"gold_loss":0},{"damage_healed":0,"gold_gain":0,"player_choice":"Became a Ghost","damage_taken":0,"max_hp_gain":0,"max_hp_loss":39,"event_name":"Ghosts","floor":22,"gold_loss":0,"cards_obtained":["Ghostly","Ghostly","Ghostly"]}],"is_beta":true,"boss_relics":[{"not_picked":["Calling Bell","Runic Dome"],"picked":"Nuclear Battery"}],"items_purged_floors":[19],"is_endless":false,"potions_floor_spawned":[2,4,11,12,18,25,30],"killed_by":"Automaton","ascension_level":20}