{"gold_per_floor":[110,123,123,48,64,139,139,154,181,208,222,372,372,52,52,128,128,139,139,152,152,163,163,196,196,196,207,207,41,41,52,52,52],"floor_reached":33,"playtime":1873,"items_purged":["Strike_G","Doubt","Strike_G"],"score":630,"play_id":"ca78d050-d914-4707-a392-b24640321caa","local_time":"20190301184701","is_ascension_mode":true,"campfire_choices":[{"floor":7,"key":"REST"},{"data":"Deadly Poison","floor":13,"key":"SMITH"},{"data":"Skewer","floor":15,"key":"SMITH"},{"data":"Die Die Die","floor":23,"key":"SMITH"},{"data":"Well Laid Plans","floor":25,"key":"SMITH"},{"data":"Noxious Fumes","floor":28,"key":"SMITH"},{"data":"Noxious Fumes","floor":30,"key":"SMITH"},{"data":"Footwork","floor":32,"key":"SMITH"}],"neow_cost":"TEN_PERCENT_HP_LOSS","seed_source_timestamp":33296917053833,"circlet_count":0,"master_deck":["AscendersBane","Defend_G","Defend_G","Defend_G+1","Defend_G","Strike_G+1","Strike_G","Survivor","Neutralize","Skewer+1","Deadly Poison+1","Backstab","Well Laid Plans+1","Die Die Die+1","Glass Knife","Escape Plan","Cloak And Dagger","PiercingWail","Doppelganger","Noxious Fumes+1","Noxious Fumes+1","Footwork+1"],"relics":["Ring of the Snake","Bronze Scales","Orichalcum","Chemical X","Sozu","Art of War"],"potions_floor_usage":[10,33],"damage_taken":[{"damage":2,"enemies":"Small Slimes","floor":1,"turns":4},{"damage":1,"enemies":"Jaw Worm","floor":2,"turns":5},{"damage":0,"enemies":"2 Louse","floor":5,"turns":4},{"damage":4,"enemies":"Blue Slaver","floor":8,"turns":3},{"damage":36,"enemies":"3 Sentries","floor":10,"turns":13},{"damage":0,"enemies":"2 Fungi Beasts","floor":11,"turns":3},{"damage":0,"enemies":"Hexaghost","floor":16,"turns":7},{"damage":0,"enemies":"3 Byrds","floor":18,"turns":2},{"damage":6,"enemies":"2 Thieves","floor":20,"turns":3},{"damage":7,"enemies":"Snake Plant","floor":22,"turns":2},{"damage":15,"enemies":"Slavers","floor":24,"turns":7},{"damage":0,"enemies":"Sentry and Sphere","floor":27,"turns":2},{"damage":4,"enemies":"Snecko","floor":31,"turns":4},{"damage":14,"enemies":"Champ","floor":33,"turns":10}],"seed_played":"-2905247512514602149","potions_obtained":[{"floor":5,"key":"Poison Potion"},{"floor":11,"key":"GhostInAJar"},{"floor":16,"key":"Energy Potion"}],"is_trial":false,"path_per_floor":["M","M","?","$","M","?","R","M","T","E","M","?","R","$","R","B",null,"M","?","M","?","M","R","E","R","T","M","R","$","R","M","R","B"],"character_chosen":"THE_SILENT","items_purchased":["Chemical X","Noxious Fumes"],"campfire_rested":1,"item_purchase_floors":[14,29],"current_hp_per_floor":[57,56,38,38,38,27,45,41,41,5,5,5,5,5,5,5,46,46,46,40,40,33,33,18,18,18,18,18,18,18,14,14,0],"gold":52,"neow_bonus":"REMOVE_TWO","is_prod":false,"is_daily":false,"chose_seed":false,"campfire_upgraded":7,"win_rate":0,"timestamp":1551494821,"path_taken":["M","M","?","$","M","?","R","M","T","E","?","?","R","$","R","BOSS","M","?","M","?","M","R","E","R","T","M","R","$","R","M","R","BOSS"],"build_version":"2019-02-06","purchased_purges":3,"victory":false,"max_hp_per_floor":[60,60,60,60,60,60,60,60,60,60,60,60,60,60,60,60,60,60,60,60,60,60,60,60,60,60,60,60,60,60,60,60,60],"card_choices":[{"not_picked":["Blade Dance","Masterful Stab"],"picked":"Skewer","floor":1},{"not_picked":["Finisher","Underhanded Strike"],"picked":"Deadly Poison","floor":2},{"not_picked":["Prepared","Quick Slash"],"picked":"Backstab","floor":5},{"not_picked":["Underhanded Strike","Masterful Stab","Choke"],"picked":"SKIP","floor":8},{"not_picked":["Dodge and Roll","Blade Dance"],"picked":"Well Laid Plans","floor":10},{"not_picked":["Prepared","Underhanded Strike"],"picked":"Die Die Die","floor":11},{"not_picked":["Bullet Time","Unload"],"picked":"Glass Knife","floor":16},{"not_picked":["Backflip","Poisoned Stab"],"picked":"Escape Plan","floor":18},{"not_picked":["Dagger Spray","Distraction"],"picked":"Cloak And Dagger","floor":20},{"not_picked":["Outmaneuver","Caltrops+1"],"picked":"Doppelganger","floor":22},{"not_picked":["Infinite Blades","Dagger Throw","Outmaneuver"],"picked":"SKIP","floor":24},{"not_picked":["Sucker Punch","Prepared"],"picked":"Noxious Fumes","floor":27},{"not_picked":["Outmaneuver+1","Choke"],"picked":"Footwork","floor":31}],"player_experience":4996594,"relics_obtained":[{"floor":9,"key":"Bronze Scales"},{"floor":10,"key":"Orichalcum"},{"floor":24,"key":"Art of War"}],"event_choices":[{"damage_healed":0,"gold_gain":0,"player_choice":"Entered Light","damage_taken":18,"max_hp_gain":0,"max_hp_loss":0,"event_name":"Shining Light","floor":3,"gold_loss":0,"cards_upgraded":["Defend_G","Strike_G"]},{"damage_healed":0,"gold_gain":75,"player_choice":"Gather Gold","damage_taken":11,"max_hp_gain":0,"max_hp_loss":0,"event_name":"World of Goop","floor":6,"gold_loss":0},{"damage_healed":0,"gold_gain":150,"player_choice":"AGREE","damage_taken":0,"max_hp_gain":0,"max_hp_loss":0,"event_name":"Liars Game","floor":12,"gold_loss":0,"cards_obtained":["Doubt"]},{"damage_healed":0,"gold_gain":0,"player_choice":"Ignored","damage_taken":0,"max_hp_gain":0,"max_hp_loss":0,"event_name":"Vampires","floor":19,"gold_loss":0},{"damage_healed":0,"gold_gain":0,"player_choice":"Read","damage_taken":0,"max_hp_gain":0,"max_hp_loss":0,"event_name":"The Library","floor":21,"gold_loss":0,"cards_obtained":["PiercingWail"]}],"is_beta":true,"boss_relics":[{"not_picked":["White Beast Statue","Coffee Dripper"],"picked":"Sozu"}],"items_purged_floors":[4,14,29],"is_endless":false,"potions_floor_spawned":[5,11,16,18,27,31],"killed_by":"Champ","ascension_level":20}