{"gold_per_floor":[112,131,56,131,144,144,171,191,191,191,225,245,245,310,310,387,387,401,321,321,211,229,260,260,287,335,335],"floor_reached":27,"playtime":1655,"items_purged":["Strike_G","Strike_G"],"score":538,"play_id":"1c2fa250-551e-47be-91a7-8213c0926027","local_time":"20190306133414","is_ascension_mode":true,"campfire_choices":[{"data":"Neutralize","floor":6,"key":"SMITH"},{"data":"Noxious Fumes","floor":10,"key":"SMITH"},{"data":"Dagger Spray","floor":13,"key":"SMITH"},{"data":"Leg Sweep","floor":15,"key":"SMITH"},{"floor":24,"key":"REST"}],"neow_cost":"NONE","seed_source_timestamp":99697634706305,"circlet_count":0,"master_deck":["AscendersBane","Defend_G","Defend_G","Defend_G","Defend_G","Defend_G","Survivor","Neutralize+1","Bouncing Flask","Poisoned Stab","Poisoned Stab+1","Deflect","Noxious Fumes+1","Dagger Spray+1","Leg Sweep+1","Malaise","Wraith Form v2","Flechettes","Skewer"],"relics":["Ring of the Snake","Vajra","Orichalcum","The Courier","Tiny Chest","Philosopher\u0027s Stone","Blood Vial","Turnip","Dream Catcher"],"potions_floor_usage":[7,8,25,25],"damage_taken":[{"damage":4,"enemies":"Jaw Worm","floor":1,"turns":8},{"damage":0,"enemies":"2 Louse","floor":2,"turns":3},{"damage":0,"enemies":"Cultist","floor":5,"turns":3},{"damage":3,"enemies":"Gremlin Nob","floor":7,"turns":3},{"damage":12,"enemies":"3 Louse","floor":8,"turns":5},{"damage":9,"enemies":"3 Sentries","floor":11,"turns":6},{"damage":2,"enemies":"Large Slime","floor":12,"turns":5},{"damage":5,"enemies":"Lagavulin","floor":14,"turns":6},{"damage":26,"enemies":"The Guardian","floor":16,"turns":12},{"damage":1,"enemies":"Chosen","floor":18,"turns":6},{"damage":0,"enemies":"Shell Parasite","floor":22,"turns":6},{"damage":27,"enemies":"Book of Stabbing","floor":23,"turns":7},{"damage":22,"enemies":"Gremlin Leader","floor":25,"turns":7},{"damage":37,"enemies":"Slavers","floor":27,"turns":4}],"seed_played":"-6618043140667664162","potions_obtained":[{"floor":1,"key":"Fire Potion"},{"floor":2,"key":"Regen Potion"},{"floor":7,"key":"Dexterity Potion"},{"floor":12,"key":"SkillPotion"},{"floor":16,"key":"Explosive Potion"},{"floor":22,"key":"SteroidPotion"}],"is_trial":false,"path_per_floor":["M","M","$","?","M","R","E","M","T","R","E","M","R","E","R","B",null,"M","$","?","?","M","E","R","E","T","E"],"character_chosen":"THE_SILENT","items_purchased":[],"campfire_rested":1,"item_purchase_floors":[],"current_hp_per_floor":[61,61,61,50,50,50,47,49,49,49,40,38,38,33,33,7,56,55,55,55,55,55,28,49,29,29,0],"gold":335,"neow_bonus":"TEN_PERCENT_HP_BONUS","is_prod":false,"is_daily":false,"chose_seed":false,"campfire_upgraded":4,"win_rate":0,"timestamp":1551908054,"path_taken":["M","M","$","?","M","R","E","M","T","R","E","M","R","E","R","BOSS","M","$","?","?","M","E","R","E","T","E"],"build_version":"2019-02-06","purchased_purges":2,"victory":false,"max_hp_per_floor":[72,72,72,72,72,72,72,72,72,72,72,72,72,72,72,72,72,72,72,72,72,72,72,72,72,72,72],"card_choices":[{"not_picked":["Slice","Flying Knee"],"picked":"Bouncing Flask","floor":1},{"not_picked":["Outmaneuver","PiercingWail"],"picked":"Poisoned Stab","floor":2},{"not_picked":["Eviscerate","Quick Slash"],"picked":"Poisoned Stab","floor":5},{"not_picked":["Dagger Throw","Bane"],"picked":"Deflect","floor":7},{"not_picked":["Quick Slash","Concentrate"],"picked":"Noxious Fumes","floor":8},{"not_picked":["Acrobatics","Grand Finale"],"picked":"Dagger Spray","floor":11},{"not_picked":["Dodge and Roll","Prepared"],"picked":"Leg Sweep","floor":12},{"not_picked":["Quick Slash","Poisoned Stab","Blade Dance"],"picked":"SKIP","floor":14},{"not_picked":["Die Die Die","Unload"],"picked":"Malaise","floor":16},{"not_picked":["Underhanded Strike","Deadly Poison","Reflex"],"picked":"SKIP","floor":18},{"not_picked":["Dagger Throw","Prepared","Poisoned Stab"],"picked":"SKIP","floor":22},{"not_picked":["Eviscerate","Poisoned Stab"],"picked":"Skewer","floor":23},{"not_picked":["All Out Attack","Blade Dance","Poisoned Stab"],"picked":"SKIP","floor":25}],"player_experience":5056874,"relics_obtained":[{"floor":7,"key":"Vajra"},{"floor":9,"key":"Orichalcum"},{"floor":11,"key":"The Courier"},{"floor":14,"key":"Tiny Chest"},{"floor":23,"key":"Blood Vial"},{"floor":25,"key":"Turnip"},{"floor":26,"key":"Dream Catcher"}],"event_choices":[{"damage_healed":0,"gold_gain":75,"player_choice":"Gather Gold","damage_taken":11,"max_hp_gain":0,"max_hp_loss":0,"event_name":"World of Goop","floor":4,"gold_loss":0},{"damage_healed":0,"gold_gain":0,"cards_transformed":["Strike_G","Strike_G"],"player_choice":"Became Test Subject","damage_taken":0,"max_hp_gain":0,"max_hp_loss":0,"event_name":"Drug Dealer","floor":20,"gold_loss":0,"cards_obtained":["Wraith Form v2","Flechettes"]},{"cards_removed":["Strike_G"],"damage_healed":0,"gold_gain":0,"player_choice":"Upgrade and Remove","damage_taken":0,"max_hp_gain":0,"max_hp_loss":0,"event_name":"Designer","floor":21,"gold_loss":110,"cards_upgraded":["Poisoned Stab"]}],"is_beta":true,"boss_relics":[{"not_picked":["Pandora\u0027s Box","Orrery"],"picked":"Philosopher\u0027s Stone"}],"items_purged_floors":[3,19],"is_endless":false,"potions_floor_spawned":[1,2,5,7,12,16,22,23],"killed_by":"Slavers","ascension_level":20}