{"gold_per_floor":[109,119,44,44,60,60,92,92,92,104,29,179,179,179,179,250,250,260,272,197,231,231,231,331,365,365,395,395,430,465,500,500,579,579,590,690,706,724,744,776,776,831,854,884,902,902,354,374,374,374,374,374,374,45,70,70],"floor_reached":57,"playtime":8010,"items_purged":["Strike_B","Strike_B"],"score":2783,"play_id":"1f19f525-cf1f-425a-b8a9-4c2ade2ad3d3","local_time":"20190226173348","is_ascension_mode":true,"campfire_choices":[{"data":"Zap","floor":6,"key":"SMITH"},{"data":"Defend_B","floor":8,"key":"PURGE"},{"data":"Defend_B","floor":15,"key":"PURGE"},{"data":"Hyperbeam","floor":23,"key":"SMITH"},{"data":"Defragment","floor":28,"key":"SMITH"},{"data":"Darkness","floor":32,"key":"SMITH"},{"floor":41,"key":"RECALL"},{"data":"Consume","floor":49,"key":"SMITH"},{"data":"Biased Cognition","floor":53,"key":"SMITH"}],"neow_cost":"NONE","seed_source_timestamp":7534631399409,"circlet_count":0,"master_deck":["AscendersBane","Defend_B","Zap+1","Dualcast","Ball Lightning","Hologram","Reinforced Body","Conserve Battery","Cold Snap","Hyperbeam+1","Turbo+1","Coolheaded+1","Redo+1","Chill","Static Discharge","Defragment+1","Darkness+1","Core Surge","Consume+1","Compile Driver+1","Capacitor+1","Genetic Algorithm+1","Go for the Eyes","Glacier","Biased Cognition+1","Recycle+1","Hologram","Glacier+1"],"relics":["Cracked Core","Blood Vial","NlothsMask","Peace Pipe","Runic Pyramid","Red Mask","WingedGreaves","Ornamental Fan","Meat on the Bone","Ice Cream","Regal Pillow","Shuriken","Ginger","Nuclear Battery","Bird Faced Urn","The Courier","Gambling Chip","Blue Candle","Potion Belt","War Paint","FossilizedHelix","Unceasing Top"],"potions_floor_usage":[25,29,30,31,33,42,44,55,56,56,56],"damage_taken":[{"damage":0,"enemies":"Cultist","floor":1,"turns":3},{"damage":0,"enemies":"2 Louse","floor":2,"turns":2},{"damage":9,"enemies":"Small Slimes","floor":5,"turns":3},{"damage":18,"enemies":"Lagavulin","floor":7,"turns":8},{"damage":6,"enemies":"Exordium Thugs","floor":10,"turns":4},{"damage":8,"enemies":"The Guardian","floor":16,"turns":12},{"damage":0,"enemies":"Spheric Guardian","floor":18,"turns":5},{"damage":1,"enemies":"Chosen","floor":19,"turns":5},{"damage":5,"enemies":"Masked Bandits","floor":21,"turns":2},{"damage":0,"enemies":"Colosseum Slavers","floor":24,"turns":1},{"damage":3,"enemies":"Colosseum Nobs","floor":24,"turns":2},{"damage":13,"enemies":"Gremlin Leader","floor":25,"turns":9},{"damage":22,"enemies":"Slavers","floor":27,"turns":3},{"damage":25,"enemies":"Book of Stabbing","floor":29,"turns":6},{"damage":21,"enemies":"Slavers","floor":30,"turns":3},{"damage":1,"enemies":"Gremlin Leader","floor":31,"turns":6},{"damage":46,"enemies":"Collector","floor":33,"turns":10},{"damage":5,"enemies":"Orb Walker","floor":35,"turns":4},{"damage":12,"enemies":"Mind Bloom Boss Battle","floor":36,"turns":6},{"damage":0,"enemies":"3 Darklings","floor":37,"turns":4},{"damage":0,"enemies":"Sphere and 2 Shapes","floor":38,"turns":4},{"damage":8,"enemies":"Writhing Mass","floor":39,"turns":7},{"damage":14,"enemies":"Giant Head","floor":40,"turns":8},{"damage":32,"enemies":"2 Orb Walkers","floor":42,"turns":3},{"damage":27,"enemies":"Reptomancer","floor":44,"turns":7},{"damage":0,"enemies":"4 Shapes","floor":45,"turns":7},{"damage":0,"enemies":"Sphere and 2 Shapes","floor":48,"turns":5},{"damage":17,"enemies":"Time Eater","floor":50,"turns":15},{"damage":26,"enemies":"Donu and Deca","floor":51,"turns":13},{"damage":8,"enemies":"Shield and Spear","floor":55,"turns":10},{"damage":39,"enemies":"The Heart","floor":56,"turns":12}],"seed_played":"-6610193073163476868","potions_obtained":[{"floor":1,"key":"GamblersBrew"},{"floor":16,"key":"SpeedPotion"},{"floor":19,"key":"Fruit Juice"},{"floor":27,"key":"Explosive Potion"},{"floor":29,"key":"EssenceOfSteel"},{"floor":30,"key":"Block Potion"},{"floor":36,"key":"Strength Potion"},{"floor":38,"key":"Strength Potion"},{"floor":40,"key":"Regen Potion"},{"floor":44,"key":"Swift Potion"},{"floor":45,"key":"SteroidPotion"}],"is_trial":false,"path_per_floor":["M","M","?","?","M","R","E","R","T","M","$","?","?","?","R","B",null,"M","M","?","?","?","R","?","E","T","E","R","E","E","E","R","B",null,"M","?","M","M","M","E","R","?","T","E","M","?","$","M","R","B","B",null,"R","$","E","B",null],"character_chosen":"DEFECT","items_purchased":["Biased Cognition","Potion Belt","War Paint","Dexterity Potion","Weak Potion","FossilizedHelix","Hologram","PowerPotion"],"campfire_rested":0,"item_purchase_floors":[47,47,47,47,47,54,54,54],"current_hp_per_floor":[66,68,68,68,61,61,45,45,45,41,41,41,46,39,39,33,65,67,68,68,65,65,65,66,55,55,47,47,41,34,47,47,15,65,62,52,58,66,66,58,58,44,44,52,60,60,60,70,70,63,47,70,70,70,72,45],"gold":70,"neow_bonus":"RANDOM_COMMON_RELIC","is_prod":false,"is_daily":false,"chose_seed":false,"campfire_upgraded":6,"win_rate":0,"timestamp":1551231228,"path_taken":["M","?","?","?","M","R","E","R","T","?","$","?","?","?","R","BOSS","M","M","?","?","?","R","?","E","T","E","R","E","E","E","R","BOSS","M","?","M","M","M","E","R","?","T","E","M","?","$","M","R","BOSS","BOSS","R","$","E","BOSS"],"build_version":"2019-02-06","purchased_purges":2,"victory":true,"max_hp_per_floor":[71,71,71,71,71,71,71,71,71,71,71,71,76,76,76,76,76,76,76,76,76,76,76,76,76,76,76,76,81,81,81,81,81,81,81,81,81,81,81,81,81,81,81,81,81,77,77,77,77,77,77,77,77,77,77,77],"card_choices":[{"not_picked":["Capacitor","Go for the Eyes"],"picked":"Ball Lightning","floor":1},{"not_picked":["Barrage","Rebound"],"picked":"Hologram","floor":2},{"not_picked":["Rebound","Steam"],"picked":"Reinforced Body","floor":5},{"not_picked":["BootSequence","Redo"],"picked":"Conserve Battery","floor":7},{"not_picked":["Sweeping Beam","Beam Cell"],"picked":"Cold Snap","floor":10},{"not_picked":["Machine Learning","Meteor Strike"],"picked":"Hyperbeam","floor":16},{"not_picked":["Coolheaded","Cold Snap"],"picked":"Turbo","floor":18},{"not_picked":["Steam","Loop"],"picked":"Coolheaded","floor":19},{"not_picked":["Rebound+1","BootSequence"],"picked":"Redo+1","floor":21},{"not_picked":["Redo","Rebound"],"picked":"Chill","floor":24},{"not_picked":["Storm","Hologram"],"picked":"Static Discharge","floor":25},{"not_picked":["Rainbow","Ball Lightning"],"picked":"Defragment","floor":27},{"not_picked":["Stack","Sweeping Beam","Cold Snap"],"picked":"SKIP","floor":29},{"not_picked":["Barrage","Machine Learning"],"picked":"Darkness","floor":30},{"not_picked":["Gash+1","Streamline","Leap"],"picked":"SKIP","floor":31},{"not_picked":["Creative AI","Buffer"],"picked":"Core Surge","floor":33},{"not_picked":["Turbo","Gash"],"picked":"Consume","floor":35},{"not_picked":["Turbo","Rebound"],"picked":"Compile Driver+1","floor":36},{"not_picked":["Steam","Cold Snap+1"],"picked":"Capacitor+1","floor":37},{"not_picked":["Blizzard","Ball Lightning"],"picked":"Genetic Algorithm+1","floor":38},{"not_picked":["Ball Lightning","Streamline"],"picked":"Go for the Eyes","floor":39},{"not_picked":["Aggregate","Barrage+1"],"picked":"Glacier","floor":40},{"not_picked":["Melter","Go for the Eyes","Sweeping Beam"],"picked":"SKIP","floor":44},{"not_picked":["Aggregate","Cold Snap","Reinforced Body"],"picked":"SKIP","floor":45},{"not_picked":["Auto Shields","Electrodynamics"],"picked":"Recycle+1","floor":48},{"not_picked":["Redo","Double Energy"],"picked":"Glacier+1","floor":55}],"player_experience":4950888,"relics_obtained":[{"floor":7,"key":"Peace Pipe"},{"floor":21,"key":"Red Mask"},{"floor":24,"key":"WingedGreaves"},{"floor":24,"key":"Ornamental Fan"},{"floor":25,"key":"Meat on the Bone"},{"floor":26,"key":"Ice Cream"},{"floor":29,"key":"Regal Pillow"},{"floor":30,"key":"Shuriken"},{"floor":31,"key":"Ginger"},{"floor":36,"key":"Bird Faced Urn"},{"floor":40,"key":"The Courier"},{"floor":42,"key":"Gambling Chip"},{"floor":44,"key":"Blue Candle"},{"floor":55,"key":"Unceasing Top"}],"event_choices":[{"cards_removed":["Strike_B"],"damage_healed":0,"gold_gain":0,"player_choice":"Card Removal","damage_taken":0,"max_hp_gain":0,"max_hp_loss":0,"event_name":"The Cleric","floor":3,"gold_loss":75},{"damage_healed":0,"gold_gain":0,"player_choice":"Trade","damage_taken":0,"relics_obtained":["NlothsMask"],"max_hp_gain":0,"max_hp_loss":0,"event_name":"FaceTrader","floor":4,"gold_loss":0},{"damage_healed":0,"gold_gain":150,"player_choice":"AGREE","damage_taken":0,"max_hp_gain":0,"max_hp_loss":0,"event_name":"Liars Game","floor":12,"gold_loss":0,"cards_obtained":["Doubt"]},{"damage_healed":0,"gold_gain":0,"player_choice":"Donut","damage_taken":0,"max_hp_gain":5,"max_hp_loss":0,"event_name":"Big Fish","floor":13,"gold_loss":0},{"cards_removed":["Doubt"],"damage_healed":0,"gold_gain":0,"player_choice":"Card Removal","damage_taken":7,"max_hp_gain":0,"max_hp_loss":0,"event_name":"Golden Wing","floor":14,"gold_loss":0},{"cards_removed":["Strike_B"],"damage_healed":0,"gold_gain":0,"player_choice":"Gave Gold","damage_taken":0,"max_hp_gain":0,"max_hp_loss":0,"event_name":"Beggar","floor":20,"gold_loss":75},{"damage_healed":0,"gold_gain":0,"player_choice":"Fought Bandits","damage_taken":0,"max_hp_gain":0,"max_hp_loss":0,"event_name":"Masked Bandits","floor":21,"gold_loss":0},{"cards_removed":["Defend_B"],"damage_healed":0,"gold_gain":0,"player_choice":"Elegance","damage_taken":0,"max_hp_gain":0,"max_hp_loss":0,"event_name":"Back to Basics","floor":22,"gold_loss":0},{"damage_healed":0,"gold_gain":0,"player_choice":"Fight","damage_taken":0,"max_hp_gain":0,"max_hp_loss":0,"event_name":"Colosseum","floor":24,"gold_loss":0},{"damage_healed":0,"gold_gain":0,"player_choice":"Fought Nobs","damage_taken":0,"max_hp_gain":0,"max_hp_loss":0,"event_name":"Colosseum","floor":24,"gold_loss":0},{"damage_healed":0,"gold_gain":0,"player_choice":"Fight","damage_taken":0,"max_hp_gain":0,"max_hp_loss":0,"event_name":"MindBloom","floor":36,"gold_loss":0},{"damage_healed":0,"gold_gain":0,"player_choice":"Fight","damage_taken":0,"max_hp_gain":0,"max_hp_loss":0,"event_name":"Mysterious Sphere","floor":42,"gold_loss":0},{"damage_healed":0,"gold_gain":0,"player_choice":"Max HP","damage_taken":0,"max_hp_gain":0,"max_hp_loss":4,"event_name":"Winding Halls","floor":46,"gold_loss":0}],"is_beta":true,"boss_relics":[{"not_picked":["Lizard Tail","Busted Crown"],"picked":"Runic Pyramid"},{"not_picked":["Runic Dome","Orrery"],"picked":"Nuclear Battery"}],"items_purged_floors":[11,47],"is_endless":false,"potions_floor_spawned":[1,16,19,27,29,30,36,38,40,44,45],"ascension_level":20}