{"gold_per_floor":[115,135,149,159,173,200,200,226,226,258,258,258,258,270,270,346,346,365,25,36,236,92,92,102,102,170,230,51,51,69,69,69,143,143,155,155,166,1165,257,257,271,304,304,329,329,347,364,392,392,392,392,392,392,22,51,51],"floor_reached":57,"playtime":6558,"items_purged":["Strike_R","Strike_R","Normality"],"score":2910,"play_id":"f2b8aefd-1593-43f1-a6d4-2c6d3de99bbf","local_time":"20190301144256","is_ascension_mode":true,"campfire_choices":[{"data":"Wild Strike","floor":7,"key":"SMITH"},{"floor":11,"key":"REST"},{"data":"Whirlwind","floor":13,"key":"SMITH"},{"floor":15,"key":"REST"},{"data":"Armaments","floor":23,"key":"SMITH"},{"data":"Inflame","floor":25,"key":"SMITH"},{"data":"Ghostly","floor":32,"key":"SMITH"},{"data":"Ghostly","floor":40,"key":"SMITH"},{"floor":49,"key":"RECALL"},{"floor":53,"key":"REST"}],"neow_cost":"NONE","seed_source_timestamp":13934510793086,"circlet_count":0,"master_deck":["AscendersBane","Defend_R","Defend_R","Defend_R","Defend_R","Bash+1","Headbutt","Shrug It Off","Inflame+1","Flame Barrier","Pommel Strike","Whirlwind+1","Metallicize","Feed","Entrench","Corruption+1","Armaments+1","Limit Break","Havoc+1","Anger","Ghostly+1","Ghostly","Ghostly+1","Feel No Pain+1","Offering","Twin Strike+1","Rupture+1","Clash+1","Dual Wield","Uppercut+1","Normality","Metallicize+1","Evolve+1","Feel No Pain+1","Dark Shackles","Shrug It Off","Combust+1","Warcry+1","Dark Shackles","Dark Shackles","Disarm","Inflame+1"],"relics":["Burning Blood","Blue Candle","Pen Nib","Shuriken","The Courier","Runic Pyramid","Frozen Egg 2","Tiny Chest","Oddly Smooth Stone","Astrolabe","Bird Faced Urn","Potion Belt","Happy Flower","Singing Bowl","Art of War","Bag of Marbles","Question Card","OrangePellets","Blood Vial"],"potions_floor_usage":[6,8,20,27,27,33,51,51,51,56,56,56,56],"damage_taken":[{"damage":1,"enemies":"Cultist","floor":1,"turns":3},{"damage":7,"enemies":"2 Louse","floor":2,"turns":3},{"damage":2,"enemies":"Jaw Worm","floor":3,"turns":3},{"damage":3,"enemies":"2 Fungi Beasts","floor":4,"turns":4},{"damage":8,"enemies":"Blue Slaver","floor":5,"turns":3},{"damage":27,"enemies":"Lagavulin","floor":6,"turns":7},{"damage":24,"enemies":"Gremlin Nob","floor":8,"turns":4},{"damage":28,"enemies":"Lagavulin","floor":10,"turns":7},{"damage":14,"enemies":"Large Slime","floor":14,"turns":7},{"damage":0,"enemies":"Slime Boss","floor":16,"turns":5},{"damage":13,"enemies":"3 Byrds","floor":18,"turns":5},{"damage":22,"enemies":"2 Thieves","floor":20,"turns":5},{"damage":14,"enemies":"Centurion and Healer","floor":24,"turns":5},{"damage":28,"enemies":"Book of Stabbing","floor":27,"turns":4},{"damage":16,"enemies":"Cultist and Chosen","floor":30,"turns":10},{"damage":8,"enemies":"Collector","floor":33,"turns":11},{"damage":1,"enemies":"3 Shapes","floor":35,"turns":9},{"damage":5,"enemies":"Orb Walker","floor":37,"turns":5},{"damage":16,"enemies":"Spire Growth","floor":41,"turns":11},{"damage":18,"enemies":"Reptomancer","floor":42,"turns":6},{"damage":31,"enemies":"Giant Head","floor":44,"turns":10},{"damage":8,"enemies":"3 Darklings","floor":46,"turns":7},{"damage":33,"enemies":"Transient","floor":47,"turns":6},{"damage":17,"enemies":"Reptomancer","floor":48,"turns":12},{"damage":50,"enemies":"Donu and Deca","floor":50,"turns":12},{"damage":32,"enemies":"Awakened One","floor":51,"turns":13},{"damage":39,"enemies":"Shield and Spear","floor":55,"turns":11},{"damage":60,"enemies":"The Heart","floor":56,"turns":11}],"seed_played":"1196326003211368278","potions_obtained":[{"floor":1,"key":"SkillPotion"},{"floor":4,"key":"GamblersBrew"},{"floor":6,"key":"SpeedPotion"},{"floor":14,"key":"Poison Potion"},{"floor":16,"key":"Fire Potion"},{"floor":20,"key":"FearPotion"},{"floor":27,"key":"SpeedPotion"},{"floor":30,"key":"Regen Potion"},{"floor":41,"key":"Fire Potion"},{"floor":42,"key":"Energy Potion"},{"floor":44,"key":"SkillPotion"}],"is_trial":false,"path_per_floor":["M","M","M","M","M","E","R","E","T","E","R","?","R","M","R","B",null,"M","$","M","?","$","R","M","R","T","E","$","?","M","$","R","B",null,"M","?","M","?","$","R","M","E","T","E","?","M","M","E","R","B","B",null,"R","$","E","B",null],"character_chosen":"IRONCLAD","items_purchased":["Frozen Egg 2","Corruption+1","Limit Break","Oddly Smooth Stone","Anger","Bird Faced Urn","Potion Belt","Happy Flower","Metallicize+1","Evolve+1","Feel No Pain+1","Dark Shackles","Shrug It Off","SpeedPotion","SteroidPotion","OrangePellets","PowerPotion","Inflame+1"],"campfire_rested":3,"item_purchase_floors":[19,19,22,28,28,39,39,39,39,39,39,39,39,54,54,54,54,54],"current_hp_per_floor":[73,72,75,75,73,52,52,34,34,12,34,27,27,19,41,47,68,64,64,51,51,51,51,46,46,46,27,27,27,21,21,21,34,44,51,51,55,55,55,55,59,60,60,61,53,74,55,68,68,45,37,72,83,83,78,48],"gold":51,"neow_bonus":"UPGRADE_CARD","is_prod":false,"is_daily":false,"chose_seed":false,"campfire_upgraded":6,"win_rate":0,"timestamp":1551480176,"path_taken":["M","M","?","M","?","E","R","E","T","E","R","?","R","M","R","BOSS","M","$","M","?","?","R","M","R","T","E","$","?","M","?","R","BOSS","M","?","M","?","$","R","M","E","T","E","?","M","M","E","R","BOSS","BOSS","R","$","E","BOSS"],"build_version":"2019-02-06","purchased_purges":3,"victory":true,"max_hp_per_floor":[75,75,75,75,75,75,75,75,75,75,75,75,75,75,75,75,75,78,78,81,81,81,81,84,84,84,87,87,43,47,47,47,47,47,51,51,55,55,55,55,59,62,62,66,68,74,76,80,80,83,83,83,83,83,91,91],"card_choices":[{"not_picked":["Sever Soul","Intimidate"],"picked":"Headbutt","floor":1},{"not_picked":["Sword Boomerang","Armaments"],"picked":"Wild Strike","floor":2},{"not_picked":["Whirlwind","Corruption"],"picked":"Shrug It Off","floor":3},{"not_picked":["Flex","Havoc"],"picked":"Inflame","floor":4},{"not_picked":["Iron Wave","Thunderclap"],"picked":"Flame Barrier","floor":5},{"not_picked":["Dual Wield","Flex"],"picked":"Pommel Strike","floor":6},{"not_picked":["Warcry","Fire Breathing","Havoc"],"picked":"SKIP","floor":8},{"not_picked":["Armaments","Shrug It Off"],"picked":"Whirlwind","floor":10},{"not_picked":["Flex","Rupture"],"picked":"Metallicize","floor":14},{"not_picked":["Juggernaut","Berserk"],"picked":"Feed","floor":16},{"not_picked":["Twin Strike","Thunderclap"],"picked":"Entrench","floor":18},{"not_picked":["Headbutt","Battle Trance"],"picked":"Armaments","floor":20},{"not_picked":["Perfected Strike","Pommel Strike","Clothesline"],"picked":"SKIP","floor":24},{"not_picked":["Wild Strike","Fire Breathing+1"],"picked":"Havoc+1","floor":27},{"not_picked":["Warcry","Flame Barrier"],"picked":"Feel No Pain+1","floor":30},{"not_picked":["Demon Form+1","Fiend Fire"],"picked":"Offering","floor":33},{"not_picked":["Infernal Blade","Second Wind"],"picked":"Dual Wield","floor":35},{"not_picked":["Havoc","True Grit"],"picked":"Uppercut+1","floor":37},{"not_picked":["Iron Wave+1","Armaments","Thunderclap"],"picked":"SKIP","floor":41},{"not_picked":["Rampage","Heavy Blade"],"picked":"Combust+1","floor":42},{"not_picked":["Cleave+1","Pommel Strike"],"picked":"Warcry+1","floor":44},{"not_picked":["Deep Breath","The Bomb","Secret Weapon"],"picked":"Singing Bowl","floor":45},{"not_picked":["Chrysalis","PanicButton"],"picked":"Dark Shackles","floor":45},{"not_picked":["Blind","Jack Of All Trades"],"picked":"Dark Shackles","floor":45},{"not_picked":["Thunderclap+1","Havoc","Flex"],"picked":"Singing Bowl","floor":46},{"not_picked":["Clothesline","Warcry","Flex"],"picked":"Singing Bowl","floor":47},{"not_picked":["Heavy Blade","Havoc"],"picked":"Disarm","floor":48},{"not_picked":["Battle Trance","Perfected Strike+1","Clothesline+1","Twin Strike"],"picked":"Singing Bowl","floor":55}],"player_experience":4982079,"relics_obtained":[{"floor":6,"key":"Blue Candle"},{"floor":8,"key":"Pen Nib"},{"floor":9,"key":"Shuriken"},{"floor":10,"key":"The Courier"},{"floor":27,"key":"Tiny Chest"},{"floor":42,"key":"Singing Bowl"},{"floor":43,"key":"Art of War"},{"floor":44,"key":"Bag of Marbles"},{"floor":48,"key":"Question Card"},{"floor":55,"key":"Blood Vial"}],"event_choices":[{"cards_removed":["Strike_R"],"damage_healed":0,"gold_gain":0,"player_choice":"Card Removal","damage_taken":7,"max_hp_gain":0,"max_hp_loss":0,"event_name":"Golden Wing","floor":12,"gold_loss":0},{"damage_healed":0,"gold_gain":200,"player_choice":"Gold","damage_taken":0,"max_hp_gain":0,"max_hp_loss":0,"event_name":"Wheel of Change","floor":21,"gold_loss":0},{"damage_healed":0,"gold_gain":0,"player_choice":"Became a Ghost","damage_taken":0,"max_hp_gain":0,"max_hp_loss":44,"event_name":"Ghosts","floor":29,"gold_loss":0,"cards_obtained":["Ghostly","Ghostly","Ghostly"]},{"damage_healed":0,"gold_gain":0,"player_choice":"Ignored","damage_taken":0,"max_hp_gain":0,"max_hp_loss":0,"event_name":"Mysterious Sphere","floor":36,"gold_loss":0},{"damage_healed":0,"gold_gain":999,"player_choice":"Gold","damage_taken":0,"max_hp_gain":0,"max_hp_loss":0,"event_name":"MindBloom","floor":38,"gold_loss":0,"cards_obtained":["Normality","Normality"]},{"damage_healed":0,"gold_gain":0,"player_choice":"Memory 3","damage_taken":10,"max_hp_gain":0,"max_hp_loss":0,"event_name":"SensoryStone","floor":45,"gold_loss":0}],"is_beta":true,"boss_relics":[{"not_picked":["Pandora\u0027s Box","Orrery"],"picked":"Runic Pyramid"},{"not_picked":["Calling Bell","Eternal Feather"],"picked":"Astrolabe"}],"items_purged_floors":[19,22,39],"is_endless":false,"potions_floor_spawned":[1,4,6,14,16,20,27,30,41,42,44],"ascension_level":20}