{"gold_per_floor":[118,128,278,278,42,42,62,93,162,200,200,133,208,232,232,328,328,351,351,0,15,29,29,29,68,68,68,89,89,128,128,128,226,289,302,318,333,333],"floor_reached":38,"playtime":2290,"items_purged":["Doubt","Strike_G"],"score":894,"play_id":"77210f19-8639-424a-aaca-d9ef2d11ec1f","local_time":"20190228152730","is_ascension_mode":true,"campfire_choices":[{"data":"Dash","floor":6,"key":"SMITH"},{"floor":11,"key":"REST"},{"floor":15,"key":"REST"},{"data":"Neutralize","floor":23,"key":"SMITH"},{"floor":27,"key":"DIG"},{"floor":29,"key":"REST"},{"floor":32,"key":"REST"}],"neow_cost":"NONE","seed_source_timestamp":15000982637540,"circlet_count":0,"master_deck":["AscendersBane","Defend_G+1","Defend_G","Defend_G+1","Defend_G","Defend_G","Strike_G","Strike_G","Strike_G","Strike_G","Survivor","Neutralize+1","Dash+1","Dagger Throw","Endless Agony","Infinite Blades+1","Footwork+1","Cloak And Dagger+1","Envenom+1","PiercingWail","Ghostly","Ghostly","Ghostly","Noxious Fumes+1","Footwork+1","Leg Sweep","PiercingWail","Burst","Noxious Fumes+1","Tools of the Trade+1","Acrobatics","PiercingWail","Dodge and Roll"],"relics":["Ring of the Snake","Boot","Golden Idol","War Paint","Snake Skull","Frozen Egg 2","Darkstone Periapt","Meat on the Bone","Sozu","Bronze Scales","Shovel","Dream Catcher","Bottled Tornado","Tiny House"],"potions_floor_usage":[7,8,13,16,38],"damage_taken":[{"damage":0,"enemies":"Jaw Worm","floor":1,"turns":6},{"damage":0,"enemies":"2 Louse","floor":2,"turns":2},{"damage":0,"enemies":"Small Slimes","floor":7,"turns":3},{"damage":32,"enemies":"Gremlin Nob","floor":8,"turns":5},{"damage":18,"enemies":"Lagavulin","floor":10,"turns":7},{"damage":8,"enemies":"Gremlin Nob","floor":13,"turns":4},{"damage":0,"enemies":"2 Fungi Beasts","floor":14,"turns":3},{"damage":42,"enemies":"Slime Boss","floor":16,"turns":13},{"damage":5,"enemies":"3 Byrds","floor":18,"turns":4},{"damage":0,"enemies":"Chosen","floor":21,"turns":4},{"damage":4,"enemies":"Shelled Parasite and Fungi","floor":22,"turns":7},{"damage":0,"enemies":"Gremlin Leader","floor":25,"turns":7},{"damage":8,"enemies":"Snake Plant","floor":28,"turns":5},{"damage":16,"enemies":"Book of Stabbing","floor":30,"turns":6},{"damage":1,"enemies":"Champ","floor":33,"turns":14},{"damage":20,"enemies":"3 Darklings","floor":35,"turns":4},{"damage":0,"enemies":"3 Shapes","floor":36,"turns":5},{"damage":10,"enemies":"Maw","floor":37,"turns":7},{"damage":49,"enemies":"Transient","floor":38,"turns":4}],"seed_played":"-7397435848332728280","potions_obtained":[{"floor":1,"key":"FearPotion"},{"floor":2,"key":"EssenceOfSteel"},{"floor":10,"key":"Strength Potion"},{"floor":13,"key":"GamblersBrew"},{"floor":16,"key":"SpeedPotion"}],"is_trial":false,"path_per_floor":["M","M","?","?","$","R","M","E","T","E","R","?","?","M","R","B",null,"M","?","$","M","M","R","$","E","T","R","M","R","E","?","R","B",null,"M","M","M","M"],"character_chosen":"THE_SILENT","items_purchased":["War Paint","Noxious Fumes+1","Bronze Scales"],"campfire_rested":4,"item_purchase_floors":[5,20,20],"current_hp_per_floor":[59,59,59,59,59,59,59,27,27,9,27,27,19,31,49,19,50,45,30,30,30,26,26,26,26,26,26,18,27,23,17,27,26,38,30,30,32,0],"gold":333,"neow_bonus":"RANDOM_COMMON_RELIC","is_prod":false,"is_daily":false,"chose_seed":false,"campfire_upgraded":2,"win_rate":0,"timestamp":1551396450,"path_taken":["M","M","?","?","$","R","M","E","T","E","R","?","?","M","R","BOSS","M","?","$","M","M","R","?","E","T","R","?","R","E","?","R","BOSS","M","M","M","M"],"build_version":"2019-02-06","purchased_purges":2,"victory":false,"max_hp_per_floor":[66,66,66,60,60,60,60,60,60,60,60,60,60,60,60,60,60,60,30,30,30,30,30,30,30,30,30,30,30,30,35,35,35,40,40,40,40,40],"card_choices":[{"not_picked":["Crippling Poison","Cloak And Dagger"],"picked":"Dash","floor":1},{"not_picked":["Bouncing Flask","Bane"],"picked":"Dagger Throw","floor":2},{"not_picked":["Flying Knee","Underhanded Strike"],"picked":"Endless Agony","floor":7},{"not_picked":["Prepared","Backflip","Cloak And Dagger"],"picked":"SKIP","floor":8},{"not_picked":["Slice","Terror"],"picked":"Infinite Blades+1","floor":10},{"not_picked":["Poisoned Stab","Reflex"],"picked":"Footwork+1","floor":13},{"not_picked":["Poisoned Stab","Burst"],"picked":"Cloak And Dagger","floor":14},{"not_picked":["Bullet Time","Doppelganger"],"picked":"Envenom+1","floor":16},{"not_picked":["Quick Slash","Cloak And Dagger"],"picked":"PiercingWail","floor":18},{"not_picked":["Accuracy+1","Bouncing Flask","Prepared"],"picked":"SKIP","floor":21},{"not_picked":["Prepared","Quick Slash"],"picked":"Footwork+1","floor":22},{"not_picked":["Flying Knee","Dodge and Roll"],"picked":"Leg Sweep","floor":25},{"not_picked":["Backstab","Predator"],"picked":"PiercingWail","floor":28},{"not_picked":["Deadly Poison","Deflect"],"picked":"Burst","floor":30},{"not_picked":["Deflect","Endless Agony"],"picked":"Noxious Fumes+1","floor":32},{"not_picked":["Burst","Unload"],"picked":"Tools of the Trade+1","floor":33},{"not_picked":["Deflect","Noxious Fumes+1"],"picked":"Acrobatics","floor":34},{"not_picked":["Outmaneuver+1","Concentrate"],"picked":"PiercingWail","floor":35},{"not_picked":["Quick Slash","Cloak And Dagger+1"],"picked":"Dodge and Roll","floor":36},{"not_picked":["Deadly Poison","Concentrate","Eviscerate"],"picked":"SKIP","floor":37}],"player_experience":4974693,"relics_obtained":[{"floor":8,"key":"Snake Skull"},{"floor":9,"key":"Frozen Egg 2"},{"floor":10,"key":"Darkstone Periapt"},{"floor":13,"key":"Meat on the Bone"},{"floor":25,"key":"Shovel"},{"floor":27,"key":"Dream Catcher"},{"floor":30,"key":"Bottled Tornado"}],"event_choices":[{"damage_healed":0,"gold_gain":150,"player_choice":"AGREE","damage_taken":0,"max_hp_gain":0,"max_hp_loss":0,"event_name":"Liars Game","floor":3,"gold_loss":0,"cards_obtained":["Doubt"]},{"damage_healed":0,"gold_gain":0,"player_choice":"Lose Max HP","damage_taken":0,"relics_obtained":["Golden Idol"],"max_hp_gain":0,"max_hp_loss":6,"event_name":"Golden Idol","floor":4,"gold_loss":0},{"damage_healed":0,"gold_gain":0,"player_choice":"Left Gold","damage_taken":0,"max_hp_gain":0,"max_hp_loss":0,"event_name":"World of Goop","floor":12,"gold_loss":67},{"damage_healed":0,"gold_gain":0,"player_choice":"Searched \u00271\u0027 times","damage_taken":0,"max_hp_gain":0,"max_hp_loss":0,"event_name":"Dead Adventurer","floor":13,"gold_loss":0},{"damage_healed":0,"gold_gain":0,"player_choice":"Became a Ghost","damage_taken":0,"max_hp_gain":0,"max_hp_loss":30,"event_name":"Ghosts","floor":19,"gold_loss":0,"cards_obtained":["Ghostly","Ghostly","Ghostly"]},{"damage_healed":0,"gold_gain":0,"player_choice":"Shed Blood","damage_taken":11,"max_hp_gain":5,"max_hp_loss":0,"event_name":"Forgotten Altar","floor":31,"gold_loss":0}],"is_beta":true,"boss_relics":[{"not_picked":["Philosopher\u0027s Stone","Snecko Eye"],"picked":"Sozu"},{"not_picked":["Eternal Feather","WristBlade"],"picked":"Tiny House"}],"items_purged_floors":[5,20],"is_endless":false,"potions_floor_spawned":[1,2,10,13,16,18,22,25,33,35,37],"killed_by":"Transient","ascension_level":20}