{"gold_per_floor":[10,24,24,24,44,44,77,87,87,99,125,125,156,173,173,244,244,261,17,34,34,51,77,77,111,160,172,109,140,184,207,219,305,317,349,380,406,518,530,567,579,616,651,690,702,745,775,805,817,829,841,853,865,37,69,69],"floor_reached":57,"playtime":5088,"items_purged":["Strike_R","Sword Boomerang"],"score":3154,"play_id":"d45c8d5a-294d-40e1-9472-f254a910bd00","local_time":"20190307130604","is_ascension_mode":true,"campfire_choices":[{"data":"Bash","floor":6,"key":"SMITH"},{"data":"Battle Trance","floor":12,"key":"SMITH"},{"data":"Armaments","floor":15,"key":"SMITH"},{"data":"Fiend Fire","floor":24,"key":"SMITH"},{"data":"True Grit","floor":27,"key":"SMITH"},{"data":"Spot Weakness","floor":32,"key":"SMITH"},{"data":"Corruption","floor":41,"key":"SMITH"},{"floor":49,"key":"RECALL"},{"data":"Feel No Pain","floor":53,"key":"SMITH"}],"neow_cost":"NO_GOLD","seed_source_timestamp":74082287142241,"circlet_count":0,"master_deck":["AscendersBane","Defend_R","Defend_R","Bash+1","Metallicize","Reaper","Battle Trance+1","Spot Weakness+1","Headbutt","Armaments+1","Anger","Fiend Fire+1","Dual Wield+1","True Grit+1","Body Slam","Seeing Red+1","Pommel Strike+1","Warcry+1","Bludgeon+1","Anger+1","Corruption+1","Shrug It Off+1","Madness","Madness","Metallicize","Shrug It Off","Feel No Pain+1","Havoc","Bloodletting+1"],"relics":["Burning Blood","Strawberry","Vajra","Letter Opener","Kunai","Runic Pyramid","PreservedInsect","Bag of Preparation","Thread and Needle","MawBank","Torii","Astrolabe","Dead Branch","Ancient Tea Set","Centennial Puzzle","Dream Catcher","Smiling Mask","The Courier","Bronze Scales","Pear","Self Forming Clay","Boot","Oddly Smooth Stone","Mummified Hand"],"potions_floor_usage":[7,56,56],"damage_taken":[{"damage":6,"enemies":"Cultist","floor":1,"turns":4},{"damage":3,"enemies":"2 Louse","floor":2,"turns":5},{"damage":1,"enemies":"Small Slimes","floor":5,"turns":5},{"damage":36,"enemies":"3 Sentries","floor":7,"turns":8},{"damage":5,"enemies":"Blue Slaver","floor":8,"turns":6},{"damage":10,"enemies":"3 Louse","floor":10,"turns":3},{"damage":38,"enemies":"Lagavulin","floor":11,"turns":6},{"damage":33,"enemies":"Gremlin Nob","floor":13,"turns":4},{"damage":6,"enemies":"2 Fungi Beasts","floor":14,"turns":3},{"damage":33,"enemies":"Hexaghost","floor":16,"turns":7},{"damage":0,"enemies":"Chosen","floor":18,"turns":3},{"damage":11,"enemies":"3 Byrds","floor":20,"turns":5},{"damage":6,"enemies":"Centurion and Healer","floor":22,"turns":5},{"damage":63,"enemies":"Gremlin Leader","floor":23,"turns":8},{"damage":39,"enemies":"Slavers","floor":25,"turns":5},{"damage":7,"enemies":"Snake Plant","floor":29,"turns":2},{"damage":7,"enemies":"Gremlin Leader","floor":30,"turns":6},{"damage":7,"enemies":"3 Cultists","floor":31,"turns":4},{"damage":8,"enemies":"Champ","floor":33,"turns":24},{"damage":29,"enemies":"3 Darklings","floor":35,"turns":5},{"damage":5,"enemies":"3 Shapes","floor":36,"turns":6},{"damage":11,"enemies":"Maw","floor":37,"turns":5},{"damage":0,"enemies":"Mind Bloom Boss Battle","floor":38,"turns":3},{"damage":14,"enemies":"Nemesis","floor":40,"turns":3},{"damage":0,"enemies":"Reptomancer","floor":42,"turns":2},{"damage":9,"enemies":"Giant Head","floor":44,"turns":2},{"damage":76,"enemies":"Reptomancer","floor":46,"turns":8},{"damage":15,"enemies":"Writhing Mass","floor":47,"turns":4},{"damage":0,"enemies":"Jaw Worm Horde","floor":48,"turns":4},{"damage":6,"enemies":"Awakened One","floor":50,"turns":4},{"damage":58,"enemies":"Time Eater","floor":51,"turns":11},{"damage":3,"enemies":"Shield and Spear","floor":55,"turns":4},{"damage":8,"enemies":"The Heart","floor":56,"turns":5}],"seed_played":"-1735146404426223890","potions_obtained":[{"floor":5,"key":"PowerPotion"},{"floor":7,"key":"Explosive Potion"},{"floor":8,"key":"FairyPotion"},{"floor":11,"key":"Weak Potion"},{"floor":22,"key":"Strength Potion"},{"floor":47,"key":"PowerPotion"}],"is_trial":false,"path_per_floor":["M","M","?","?","M","R","E","M","T","M","E","R","E","M","R","B",null,"M","$","M","?","M","E","R","E","T","R","?","M","E","M","R","B",null,"M","M","M","?","?","E","R","E","T","E","?","E","M","M","R","B","B",null,"R","$","E","B",null],"character_chosen":"IRONCLAD","items_purchased":["PreservedInsect","Bronze Scales","Pear","Self Forming Clay","Boot","Oddly Smooth Stone"],"campfire_rested":0,"item_purchase_floors":[19,54,54,54,54,54],"current_hp_per_floor":[68,71,76,76,80,80,86,87,87,87,67,67,52,68,68,68,82,87,87,87,87,87,87,87,66,66,66,66,65,87,87,87,87,87,87,87,87,87,71,78,78,84,84,81,81,79,70,87,87,87,53,79,79,89,97,95],"gold":69,"neow_bonus":"REMOVE_TWO","is_prod":false,"is_daily":false,"chose_seed":false,"campfire_upgraded":8,"win_rate":0,"timestamp":1551992764,"path_taken":["M","M","?","?","M","R","E","M","T","M","E","R","E","M","R","BOSS","M","$","M","?","M","E","R","E","T","R","?","M","E","M","R","BOSS","M","M","M","?","?","E","R","E","T","E","?","E","?","M","R","BOSS","BOSS","R","$","E","BOSS"],"build_version":"2019-02-06","purchased_purges":2,"victory":true,"max_hp_per_floor":[75,75,80,80,80,80,87,87,87,87,87,87,87,87,87,87,87,87,87,87,87,87,87,87,87,87,87,87,87,87,87,87,87,87,87,87,87,87,87,87,87,87,87,87,87,87,87,87,87,87,87,87,87,97,97,97],"card_choices":[{"not_picked":["Warcry","Heavy Blade"],"picked":"Metallicize","floor":1},{"not_picked":["Sword Boomerang","Iron Wave"],"picked":"Reaper","floor":2},{"not_picked":["Rage","Iron Wave"],"picked":"Battle Trance","floor":5},{"not_picked":["Rampage","Fiend Fire"],"picked":"Spot Weakness","floor":7},{"not_picked":["Havoc","Heavy Blade"],"picked":"Headbutt","floor":8},{"not_picked":["Flex","Thunderclap","Entrench"],"picked":"SKIP","floor":10},{"not_picked":["Clothesline","Barricade"],"picked":"Armaments","floor":11},{"not_picked":["Cleave","Sword Boomerang"],"picked":"Anger","floor":13},{"not_picked":["Anger","Headbutt","Body Slam"],"picked":"SKIP","floor":14},{"not_picked":["Bludgeon","Juggernaut"],"picked":"Fiend Fire","floor":16},{"not_picked":["Flex","Seeing Red+1"],"picked":"Dual Wield+1","floor":18},{"not_picked":["Perfected Strike","Blood for Blood"],"picked":"True Grit","floor":20},{"not_picked":["Clash","Intimidate"],"picked":"Body Slam","floor":22},{"not_picked":["Dark Embrace","Wild Strike","Clash"],"picked":"SKIP","floor":23},{"not_picked":["Fiend Fire","Thunderclap"],"picked":"Seeing Red+1","floor":25},{"not_picked":["Havoc","Warcry"],"picked":"Pommel Strike+1","floor":29},{"not_picked":["Twin Strike","Reckless Charge"],"picked":"Warcry+1","floor":30},{"not_picked":["Headbutt","Perfected Strike","Body Slam"],"picked":"SKIP","floor":31},{"not_picked":["Rupture","Rampage"],"picked":"Sword Boomerang","floor":35},{"not_picked":["Cleave","Rage"],"picked":"Corruption","floor":36},{"not_picked":["Evolve","Sword Boomerang"],"picked":"Shrug It Off+1","floor":37},{"not_picked":["Wild Strike+1","Rage"],"picked":"Metallicize","floor":40},{"not_picked":["Body Slam","Wild Strike","Sword Boomerang+1"],"picked":"SKIP","floor":42},{"not_picked":["Whirlwind+1","Blood for Blood+1"],"picked":"Shrug It Off","floor":44},{"not_picked":["Havoc+1","Dropkick+1"],"picked":"Feel No Pain","floor":46},{"not_picked":["Uppercut+1","Rampage+1"],"picked":"Havoc","floor":47},{"not_picked":["Double Tap","Perfected Strike"],"picked":"Bloodletting+1","floor":48},{"not_picked":["Clash","Clothesline","Battle Trance+1"],"picked":"SKIP","floor":55}],"player_experience":5069692,"relics_obtained":[{"floor":7,"key":"Strawberry"},{"floor":9,"key":"Vajra"},{"floor":11,"key":"Letter Opener"},{"floor":13,"key":"Kunai"},{"floor":23,"key":"Bag of Preparation"},{"floor":25,"key":"Thread and Needle"},{"floor":26,"key":"MawBank"},{"floor":30,"key":"Torii"},{"floor":38,"key":"Dead Branch"},{"floor":40,"key":"Ancient Tea Set"},{"floor":42,"key":"Centennial Puzzle"},{"floor":44,"key":"Dream Catcher"},{"floor":46,"key":"The Courier"},{"floor":55,"key":"Mummified Hand"}],"event_choices":[{"damage_healed":0,"gold_gain":0,"player_choice":"Donut","damage_taken":0,"max_hp_gain":5,"max_hp_loss":0,"event_name":"Big Fish","floor":3,"gold_loss":0},{"damage_healed":0,"gold_gain":0,"player_choice":"Ignored","damage_taken":0,"max_hp_gain":0,"max_hp_loss":0,"event_name":"Liars Game","floor":4,"gold_loss":0},{"cards_removed":["Strike_R"],"damage_healed":0,"gold_gain":0,"player_choice":"Gave Gold","damage_taken":0,"max_hp_gain":0,"max_hp_loss":0,"event_name":"Beggar","floor":28,"gold_loss":75},{"damage_healed":0,"gold_gain":0,"player_choice":"Fight","damage_taken":0,"max_hp_gain":0,"max_hp_loss":0,"event_name":"MindBloom","floor":38,"gold_loss":0},{"damage_healed":0,"gold_gain":0,"player_choice":"Embrace Madness","damage_taken":16,"max_hp_gain":0,"max_hp_loss":0,"event_name":"Winding Halls","floor":39,"gold_loss":0,"cards_obtained":["Madness","Madness"]},{"cards_removed":["Perfected Strike"],"damage_healed":0,"gold_gain":0,"player_choice":"Gave Card","damage_taken":0,"relics_obtained":["Smiling Mask"],"max_hp_gain":0,"max_hp_loss":0,"event_name":"WeMeetAgain","floor":45,"gold_loss":0}],"is_beta":true,"boss_relics":[{"not_picked":["Orrery","Runic Cube"],"picked":"Runic Pyramid"},{"not_picked":["Snecko Eye","Pandora\u0027s Box"],"picked":"Astrolabe"}],"items_purged_floors":[19,54],"is_endless":false,"potions_floor_spawned":[5,7,8,11,16,20,22,29,36,40,46,47,48],"ascension_level":20}