{"gold_per_floor":[109,109,123,134,4,30,30,89,116,116,133,161,161,192,192,269,269,282,197,197,297,310,310,341,361,388,413,413,463,482,9,9,9],"floor_reached":33,"playtime":2034,"items_purged":["Strike_R","Strike_R"],"score":772,"play_id":"1b8e2507-f763-48b8-994b-a1f5542f387e","local_time":"20190228144845","is_ascension_mode":true,"campfire_choices":[{"data":"Uppercut","floor":7,"key":"SMITH"},{"data":"Fiend Fire","floor":10,"key":"SMITH"},{"data":"Armaments","floor":15,"key":"SMITH"},{"data":"Juggernaut","floor":23,"key":"SMITH"},{"floor":28,"key":"DIG"},{"floor":32,"key":"DIG"}],"neow_cost":"TEN_PERCENT_HP_LOSS","seed_source_timestamp":12932040754304,"circlet_count":0,"master_deck":["AscendersBane","Strike_R","Strike_R+1","Defend_R","Defend_R","Defend_R","Defend_R","Bash","Juggernaut+1","Iron Wave+1","Uppercut+1","Flame Barrier","Shrug It Off","Fiend Fire+1","Anger","Corruption","Battle Trance","Armaments+1","Offering","Body Slam+1","Battle Trance","Burning Pact","Shrug It Off"],"relics":["Burning Blood","Vajra","Tiny Chest","Bag of Preparation","Happy Flower","Smiling Mask","Black Star","Regal Pillow","Pear","Gambling Chip","Paper Frog","Shovel","Champion Belt","Omamori","Bronze Scales","Unceasing Top","Whetstone","Anchor","Medical Kit","Boot"],"potions_floor_usage":[8,33,33],"damage_taken":[{"damage":11,"enemies":"2 Louse","floor":1,"turns":3},{"damage":8,"enemies":"Cultist","floor":3,"turns":5},{"damage":9,"enemies":"Jaw Worm","floor":4,"turns":4},{"damage":25,"enemies":"Lagavulin","floor":6,"turns":10},{"damage":2,"enemies":"3 Sentries","floor":8,"turns":7},{"damage":0,"enemies":"2 Fungi Beasts","floor":11,"turns":3},{"damage":0,"enemies":"Gremlin Nob","floor":12,"turns":2},{"damage":10,"enemies":"3 Sentries","floor":14,"turns":7},{"damage":9,"enemies":"Slime Boss","floor":16,"turns":8},{"damage":6,"enemies":"Chosen","floor":18,"turns":2},{"damage":14,"enemies":"Colosseum Slavers","floor":21,"turns":4},{"damage":15,"enemies":"Colosseum Nobs","floor":21,"turns":6},{"damage":0,"enemies":"Spheric Guardian","floor":22,"turns":1},{"damage":6,"enemies":"Gremlin Leader","floor":24,"turns":1},{"damage":10,"enemies":"Chosen and Byrds","floor":25,"turns":3},{"damage":6,"enemies":"Book of Stabbing","floor":27,"turns":1},{"damage":6,"enemies":"Cultist and Chosen","floor":30,"turns":3},{"damage":68,"enemies":"Champ","floor":33,"turns":10}],"seed_played":"-5738103696449943020","potions_obtained":[{"floor":4,"key":"AttackPotion"},{"floor":6,"key":"Strength Potion"},{"floor":11,"key":"SteroidPotion"},{"floor":21,"key":"SteroidPotion"}],"is_trial":false,"path_per_floor":["M","?","M","M","$","E","R","E","T","R","M","E","?","E","R","B",null,"M","?","T","?","M","R","E","M","T","E","R","?","M","$","R","B"],"character_chosen":"IRONCLAD","items_purchased":["Shrug It Off","Shrug It Off","Anchor","Medical Kit"],"campfire_rested":0,"item_purchase_floors":[5,31,31,31],"current_hp_per_floor":[63,63,61,58,58,39,39,43,43,43,49,55,48,44,44,41,61,61,61,71,54,60,60,60,56,56,56,56,56,56,56,56,0],"gold":9,"neow_bonus":"THREE_RARE_CARDS","is_prod":false,"is_daily":false,"chose_seed":false,"campfire_upgraded":4,"win_rate":0,"timestamp":1551394125,"path_taken":["M","?","M","M","?","E","R","E","T","R","M","E","?","E","R","BOSS","M","?","?","?","M","R","E","M","T","E","R","?","M","$","R","BOSS"],"build_version":"2019-02-06","purchased_purges":2,"victory":false,"max_hp_per_floor":[68,68,68,68,68,68,68,68,68,68,68,68,68,68,68,68,68,68,68,78,78,78,78,78,78,78,78,78,78,78,78,78,78],"card_choices":[{"not_picked":["Demon Form","Berserk"],"picked":"Juggernaut","floor":0},{"not_picked":["Cleave","Fire Breathing"],"picked":"Iron Wave","floor":1},{"not_picked":["Hemokinesis","Flex"],"picked":"Uppercut","floor":3},{"not_picked":["Whirlwind","Carnage"],"picked":"Flame Barrier","floor":4},{"not_picked":["Perfected Strike","Sentinel"],"picked":"Fiend Fire","floor":6},{"not_picked":["Perfected Strike","Burning Pact"],"picked":"Anger","floor":8},{"not_picked":["Thunderclap","Entrench"],"picked":"Corruption","floor":11},{"not_picked":["Body Slam","Dual Wield"],"picked":"Battle Trance","floor":12},{"not_picked":["Dual Wield","Seeing Red"],"picked":"Armaments","floor":14},{"not_picked":["Juggernaut","Brutality"],"picked":"Offering","floor":16},{"not_picked":["Clothesline+1","Sword Boomerang","Sentinel"],"picked":"SKIP","floor":18},{"not_picked":["Inflame","Seeing Red"],"picked":"Body Slam+1","floor":21},{"not_picked":["Wild Strike","Clash","Pummel"],"picked":"SKIP","floor":22},{"not_picked":["Ghostly Armor","Seeing Red","Heavy Blade"],"picked":"SKIP","floor":24},{"not_picked":["Iron Wave","Armaments","Corruption+1"],"picked":"SKIP","floor":25},{"not_picked":["Corruption","Dropkick"],"picked":"Battle Trance","floor":27},{"not_picked":["Body Slam+1","Hemokinesis"],"picked":"Burning Pact","floor":30}],"player_experience":4972659,"relics_obtained":[{"floor":6,"key":"Vajra"},{"floor":8,"key":"Tiny Chest"},{"floor":9,"key":"Bag of Preparation"},{"floor":12,"key":"Happy Flower"},{"floor":14,"key":"Smiling Mask"},{"floor":20,"key":"Pear"},{"floor":21,"key":"Gambling Chip"},{"floor":21,"key":"Paper Frog"},{"floor":24,"key":"Shovel"},{"floor":24,"key":"Champion Belt"},{"floor":26,"key":"Omamori"},{"floor":27,"key":"Bronze Scales"},{"floor":27,"key":"Unceasing Top"},{"floor":28,"key":"Whetstone"},{"floor":32,"key":"Boot"}],"event_choices":[{"damage_healed":0,"gold_gain":0,"player_choice":"0 cards matched","damage_taken":0,"max_hp_gain":0,"max_hp_loss":0,"event_name":"Match and Keep!","floor":2,"gold_loss":0,"cards_obtained":[]},{"cards_removed":["Strike_R"],"damage_healed":0,"gold_gain":0,"player_choice":"Card Removal","damage_taken":7,"max_hp_gain":0,"max_hp_loss":0,"event_name":"Golden Wing","floor":13,"gold_loss":0},{"damage_healed":0,"gold_gain":0,"player_choice":"Obtained Relic","damage_taken":0,"relics_obtained":["Regal Pillow"],"max_hp_gain":0,"max_hp_loss":0,"event_name":"Addict","floor":19,"gold_loss":85},{"damage_healed":0,"gold_gain":0,"player_choice":"Fight","damage_taken":0,"max_hp_gain":0,"max_hp_loss":0,"event_name":"Colosseum","floor":21,"gold_loss":0},{"damage_healed":0,"gold_gain":0,"player_choice":"Fought Nobs","damage_taken":0,"max_hp_gain":0,"max_hp_loss":0,"event_name":"Colosseum","floor":21,"gold_loss":0},{"damage_healed":0,"gold_gain":50,"player_choice":"Stole From Cult","damage_taken":0,"max_hp_gain":0,"max_hp_loss":0,"event_name":"Nest","floor":29,"gold_loss":0}],"is_beta":true,"boss_relics":[{"not_picked":["Mark of Pain","Velvet Choker"],"picked":"Black Star"}],"items_purged_floors":[5,31],"is_endless":false,"potions_floor_spawned":[4,6,11,16,18,21,25],"killed_by":"Champ","ascension_level":20}