{"gold_per_floor":[117,42,42,55,75,109,109,144,144,144,11,31,31,44,44,122,122,138,138,38,38,38,66,66,98,148,148],"floor_reached":27,"playtime":1841,"items_purged":["Strike_R","Strike_R"],"score":514,"play_id":"4b0d4b68-cb2b-4b47-9ab7-6299ad6f8a02","local_time":"20190307110056","is_ascension_mode":true,"campfire_choices":[{"data":"Uppercut","floor":7,"key":"SMITH"},{"data":"Thunderclap","floor":10,"key":"SMITH"},{"data":"Evolve","floor":13,"key":"SMITH"},{"data":"Bash","floor":15,"key":"SMITH"},{"floor":24,"key":"REST"}],"neow_cost":"NONE","seed_source_timestamp":69850510611980,"circlet_count":0,"master_deck":["AscendersBane","Strike_R","Strike_R","Strike_R","Defend_R","Defend_R","Defend_R","Defend_R","Bash+1","Thunderclap+1","Uppercut+1","Offering","True Grit+1","Evolve+1","Shrug It Off+1","Power Through+1","Barricade","Anger","Ghostly+1","Ghostly+1","Ghostly+1","RitualDagger","Combust","Spot Weakness+1"],"relics":["Burning Blood","Kunai","Unceasing Top","Toxic Egg 2","Nunchaku","Sozu","Lantern","Dodecahedron","Pen Nib"],"potions_floor_usage":[6,8,23,25],"damage_taken":[{"damage":1,"enemies":"Cultist","floor":1,"turns":3},{"damage":9,"enemies":"Jaw Worm","floor":4,"turns":5},{"damage":6,"enemies":"2 Louse","floor":5,"turns":3},{"damage":30,"enemies":"Gremlin Nob","floor":6,"turns":4},{"damage":29,"enemies":"3 Sentries","floor":8,"turns":9},{"damage":8,"enemies":"Blue Slaver","floor":12,"turns":4},{"damage":0,"enemies":"Red Slaver","floor":14,"turns":4},{"damage":32,"enemies":"Slime Boss","floor":16,"turns":13},{"damage":0,"enemies":"Spheric Guardian","floor":18,"turns":11},{"damage":25,"enemies":"Book of Stabbing","floor":23,"turns":6},{"damage":20,"enemies":"Slavers","floor":25,"turns":8},{"damage":14,"enemies":"Book of Stabbing","floor":27,"turns":4}],"seed_played":"6534412305387449805","potions_obtained":[{"floor":0,"key":"Block Potion"},{"floor":0,"key":"Regen Potion"},{"floor":5,"key":"AttackPotion"},{"floor":8,"key":"LiquidBronze"},{"floor":16,"key":"Explosive Potion"}],"is_trial":false,"path_per_floor":["M","$","?","M","M","E","R","E","T","R","$","M","R","M","R","B",null,"M","?","$","?","?","E","R","E","T","E"],"character_chosen":"IRONCLAD","items_purchased":["True Grit+1","Evolve"],"campfire_rested":1,"item_purchase_floors":[11,11],"current_hp_per_floor":[73,73,73,70,70,46,46,38,38,38,38,36,36,42,42,16,60,66,45,45,40,34,15,27,13,13,0],"gold":148,"neow_bonus":"THREE_SMALL_POTIONS","is_prod":false,"is_daily":false,"chose_seed":false,"campfire_upgraded":4,"win_rate":0,"timestamp":1551985256,"path_taken":["M","$","?","M","M","E","R","E","T","R","$","M","R","M","R","BOSS","M","?","$","?","?","E","R","E","T","E"],"build_version":"2019-02-06","purchased_purges":2,"victory":false,"max_hp_per_floor":[75,75,75,75,75,75,75,75,75,75,75,75,75,75,75,75,75,75,80,80,40,40,40,40,40,40,40],"card_choices":[{"not_picked":["Corruption","Reckless Charge"],"picked":"Headbutt","floor":1},{"not_picked":["Twin Strike","Cleave"],"picked":"Thunderclap","floor":4},{"not_picked":["Body Slam","Perfected Strike"],"picked":"Uppercut","floor":5},{"not_picked":["Second Wind","Havoc"],"picked":"Offering","floor":6},{"not_picked":["Thunderclap","Armaments","Entrench"],"picked":"SKIP","floor":8},{"not_picked":["Shockwave+1","Limit Break+1"],"picked":"Shrug It Off+1","floor":12},{"not_picked":["Dropkick","Armaments+1"],"picked":"Power Through+1","floor":14},{"not_picked":["Limit Break+1","Bludgeon"],"picked":"Barricade","floor":16},{"not_picked":["Twin Strike","Havoc+1"],"picked":"Anger","floor":18},{"not_picked":["Sword Boomerang","Clothesline"],"picked":"Combust","floor":23},{"not_picked":["Warcry+1","Double Tap+1"],"picked":"Spot Weakness+1","floor":25}],"player_experience":5065550,"relics_obtained":[{"floor":6,"key":"Unceasing Top"},{"floor":8,"key":"Toxic Egg 2"},{"floor":9,"key":"Nunchaku"},{"floor":23,"key":"Lantern"},{"floor":25,"key":"Dodecahedron"},{"floor":26,"key":"Pen Nib"}],"event_choices":[{"cards_removed":["Headbutt"],"damage_healed":0,"gold_gain":0,"player_choice":"Gave Card","damage_taken":0,"relics_obtained":["Kunai"],"max_hp_gain":0,"max_hp_loss":0,"event_name":"WeMeetAgain","floor":3,"gold_loss":0},{"damage_healed":0,"gold_gain":0,"player_choice":"Shed Blood","damage_taken":26,"max_hp_gain":5,"max_hp_loss":0,"event_name":"Forgotten Altar","floor":19,"gold_loss":0},{"damage_healed":0,"gold_gain":0,"player_choice":"Became a Ghost","damage_taken":0,"max_hp_gain":0,"max_hp_loss":40,"event_name":"Ghosts","floor":21,"gold_loss":0,"cards_obtained":["Ghostly","Ghostly","Ghostly"]},{"damage_healed":0,"gold_gain":0,"player_choice":"Joined the Cult","damage_taken":6,"max_hp_gain":0,"max_hp_loss":0,"event_name":"Nest","floor":22,"gold_loss":0,"cards_obtained":["RitualDagger"]}],"is_beta":true,"boss_relics":[{"not_picked":["Velvet Choker","Mark of Pain"],"picked":"Sozu"}],"items_purged_floors":[2,20],"is_endless":false,"potions_floor_spawned":[5,8,16,25],"killed_by":"Book of Stabbing","ascension_level":20}