{"gold_per_floor":[115,135,135,60,76,102,114,114,114,146,146,146,146,156,156,235,235,248,298,129,141,44,79,79,105,105,105,138,149,169,185,185,262,262,276,276],"floor_reached":36,"playtime":2464,"items_purged":["Strike_R"],"score":1114,"play_id":"a7bf4860-8680-4c9e-b53f-457166bf7bd4","local_time":"20190302141946","is_ascension_mode":true,"campfire_choices":[{"data":"Uppercut","floor":8,"key":"SMITH"},{"data":"Metallicize","floor":11,"key":"SMITH"},{"data":"Shrug It Off","floor":13,"key":"SMITH"},{"data":"Barricade","floor":15,"key":"SMITH"},{"floor":24,"key":"REST"},{"data":"Demon Form","floor":32,"key":"SMITH"}],"neow_cost":"NONE","seed_source_timestamp":103071240833388,"circlet_count":0,"master_deck":["AscendersBane","Strike_R","Strike_R","Strike_R","Defend_R","Defend_R","Defend_R","Defend_R","Bash+1","Metallicize+1","Armaments","Shrug It Off+1","Uppercut+1","Warcry+1","Havoc+1","Barricade+1","Demon Form+1","Body Slam+1","Anger+1","Flash of Steel+1","Entrench+1","Flame Barrier+1","Limit Break+1","True Grit+1","Shrug It Off+1","Exhume+1"],"relics":["Burning Blood","Mercury Hourglass","Toxic Egg 2","Molten Egg 2","FossilizedHelix","Black Star","PreservedInsect","Anchor","Pantograph","Champion Belt","Happy Flower","Frozen Egg 2","Boot","Bottled Lightning","Snecko Eye"],"potions_floor_usage":[6,16,23,23,25,30,36],"damage_taken":[{"damage":5,"enemies":"2 Louse","floor":1,"turns":3},{"damage":7,"enemies":"Jaw Worm","floor":2,"turns":4},{"damage":0,"enemies":"Cultist","floor":5,"turns":3},{"damage":22,"enemies":"Gremlin Nob","floor":6,"turns":4},{"damage":0,"enemies":"Blue Slaver","floor":7,"turns":5},{"damage":17,"enemies":"Lagavulin","floor":10,"turns":7},{"damage":10,"enemies":"Gremlin Gang","floor":14,"turns":5},{"damage":0,"enemies":"Slime Boss","floor":16,"turns":15},{"damage":11,"enemies":"Spheric Guardian","floor":18,"turns":6},{"damage":40,"enemies":"2 Thieves","floor":21,"turns":5},{"damage":12,"enemies":"Book of Stabbing","floor":23,"turns":5},{"damage":19,"enemies":"Gremlin Leader","floor":25,"turns":8},{"damage":4,"enemies":"Book of Stabbing","floor":28,"turns":5},{"damage":0,"enemies":"Snake Plant","floor":29,"turns":4},{"damage":5,"enemies":"Cultist and Chosen","floor":30,"turns":5},{"damage":0,"enemies":"3 Cultists","floor":31,"turns":5},{"damage":0,"enemies":"Collector","floor":33,"turns":8},{"damage":0,"enemies":"3 Shapes","floor":35,"turns":7},{"damage":96,"enemies":"2 Orb Walkers","floor":36,"turns":4}],"seed_played":"-4569474601672028277","potions_obtained":[{"floor":2,"key":"SteroidPotion"},{"floor":7,"key":"Dexterity Potion"},{"floor":10,"key":"Block Potion"},{"floor":14,"key":"EssenceOfSteel"},{"floor":16,"key":"EssenceOfSteel"},{"floor":21,"key":"Swift Potion"},{"floor":23,"key":"SpeedPotion"},{"floor":25,"key":"Fire Potion"},{"floor":33,"key":"EssenceOfSteel"}],"is_trial":false,"path_per_floor":["M","M","?","$","M","E","M","R","T","E","R","?","R","M","R","B",null,"M","?","$","M","$","E","R","E","T","?","E","M","M","M","R","B",null,"M","?"],"character_chosen":"IRONCLAD","items_purchased":["PreservedInsect","Flash of Steel+1"],"campfire_rested":1,"item_purchase_floors":[20,22],"current_hp_per_floor":[69,68,50,50,56,40,46,46,46,35,35,40,40,36,36,42,71,66,66,66,32,32,26,50,37,37,37,39,45,46,52,52,80,80,80,0],"gold":276,"neow_bonus":"UPGRADE_CARD","is_prod":false,"is_daily":false,"chose_seed":false,"campfire_upgraded":5,"win_rate":0,"timestamp":1551565186,"path_taken":["M","M","?","$","M","E","M","R","T","E","R","?","R","M","R","BOSS","M","?","$","?","$","E","R","E","T","?","E","?","M","M","R","BOSS","M","?"],"build_version":"2019-02-06","purchased_purges":1,"victory":false,"max_hp_per_floor":[75,75,75,75,75,75,75,75,75,75,75,80,80,80,80,80,80,80,80,80,80,80,80,80,80,80,80,80,80,80,80,80,80,80,80,80],"card_choices":[{"not_picked":["Iron Wave","Clothesline"],"picked":"Metallicize","floor":1},{"not_picked":["Body Slam","Rupture"],"picked":"Armaments","floor":2},{"not_picked":["Clash","Armaments"],"picked":"Shrug It Off","floor":5},{"not_picked":["Dropkick","Clothesline"],"picked":"Uppercut","floor":6},{"not_picked":["Cleave","Body Slam"],"picked":"Warcry+1","floor":7},{"not_picked":["Seeing Red+1","Uppercut+1"],"picked":"Havoc+1","floor":10},{"not_picked":["Sword Boomerang+1","Havoc+1"],"picked":"Barricade","floor":14},{"not_picked":["Barricade","Dark Embrace"],"picked":"Demon Form","floor":16},{"not_picked":["Rupture","Feel No Pain+1"],"picked":"Body Slam+1","floor":18},{"not_picked":["Whirlwind+1","Armaments+1"],"picked":"Anger+1","floor":21},{"not_picked":["Rampage+1","Metallicize"],"picked":"Entrench+1","floor":23},{"not_picked":["Clash+1","Uppercut+1"],"picked":"Flame Barrier+1","floor":25},{"not_picked":["Blood for Blood+1","Rampage+1","Anger+1"],"picked":"SKIP","floor":28},{"not_picked":["Clothesline+1","Wild Strike+1"],"picked":"True Grit+1","floor":29},{"not_picked":["Cleave+1","Clothesline+1"],"picked":"Shrug It Off+1","floor":30},{"not_picked":["Blood for Blood+1","Clash+1","Intimidate+1"],"picked":"SKIP","floor":31},{"not_picked":["Fiend Fire+1","Feed+1"],"picked":"Exhume+1","floor":33},{"not_picked":["Cleave+1","Clothesline+1","Warcry+1"],"picked":"SKIP","floor":35}],"player_experience":5002012,"relics_obtained":[{"floor":6,"key":"Toxic Egg 2"},{"floor":9,"key":"Molten Egg 2"},{"floor":10,"key":"FossilizedHelix"},{"floor":23,"key":"Anchor"},{"floor":23,"key":"Pantograph"},{"floor":25,"key":"Champion Belt"},{"floor":25,"key":"Happy Flower"},{"floor":26,"key":"Frozen Egg 2"},{"floor":28,"key":"Boot"},{"floor":28,"key":"Bottled Lightning"}],"event_choices":[{"damage_healed":0,"gold_gain":0,"player_choice":"Success","damage_taken":18,"relics_obtained":["Mercury Hourglass"],"max_hp_gain":0,"max_hp_loss":0,"event_name":"Scrap Ooze","floor":3,"gold_loss":0},{"damage_healed":0,"gold_gain":0,"player_choice":"Donut","damage_taken":0,"max_hp_gain":5,"max_hp_loss":0,"event_name":"Big Fish","floor":12,"gold_loss":0},{"damage_healed":0,"gold_gain":100,"player_choice":"Bet on Murderer","damage_taken":0,"max_hp_gain":0,"max_hp_loss":0,"event_name":"The Joust","floor":19,"gold_loss":50},{"damage_healed":0,"gold_gain":0,"cards_transformed":["Strike_R"],"player_choice":"Transformed","damage_taken":0,"max_hp_gain":0,"max_hp_loss":0,"event_name":"Transmorgrifier","floor":27,"gold_loss":0,"cards_obtained":["Limit Break"]},{"damage_healed":0,"gold_gain":0,"player_choice":"Fight","damage_taken":0,"max_hp_gain":0,"max_hp_loss":0,"event_name":"Mysterious Sphere","floor":36,"gold_loss":0}],"is_beta":true,"boss_relics":[{"not_picked":["Black Blood","Tiny House"],"picked":"Black Star"},{"not_picked":["Runic Cube","Calling Bell"],"picked":"Snecko Eye"}],"items_purged_floors":[4],"is_endless":false,"potions_floor_spawned":[2,7,10,14,16,21,23,25,33],"killed_by":"2 Orb Walkers","ascension_level":20}