{"gold_per_floor":[212,212,225,241,260,292,51,126,153,153,182,202,232,232,232,304,304,320,320,26,26,26,53,14,47,72,72,102,121,138,138,138,215,215,231,282,282,282,282,308,2,2,28,58,73,73,100,117,117,117,117,117,117,42,69,69],"floor_reached":56,"playtime":5096,"items_purged":["Pain","Strike_B"],"score":2364,"play_id":"fd0b1bd8-1984-48ea-960d-ddefc49c4eae","local_time":"20190301125245","is_ascension_mode":true,"campfire_choices":[{"floor":15.0,"key":"REST"},{"floor":27,"key":"RECALL"},{"floor":32,"key":"REST"},{"floor":42,"key":"REST"},{"floor":46,"key":"REST"},{"floor":49,"key":"REST"},{"floor":53,"key":"REST"}],"neow_cost":"NONE","seed_source_timestamp":0,"circlet_count":0,"master_deck":["AscendersBane","Strike_B","Defend_B","Defend_B+1","Defend_B","Defend_B","Zap","Dualcast","Gash","Glacier","Gash","Glacier+1","Static Discharge","Cold Snap","Go for the Eyes","Biased Cognition","Coolheaded","Compile Driver","Ghostly","Ghostly","Ghostly","Gash+1","FTL","Hologram","Coolheaded","Doom and Gloom+1","All For One","Beam Cell","Hologram","Hologram","Compile Driver","Good Instincts","Gash","Biased Cognition"],"special_seed":0,"relics":["Cracked Core","WarpedTongs","Orichalcum","War Paint","Happy Flower","PreservedInsect","Sundial","Fusion Hammer","Membership Card","Pear","DataDisk","Omamori","Kunai","Oddly Smooth Stone","Black Star","Torii","Art of War","Emotion Chip","ClockworkSouvenir","Cables","Blood Vial","Anchor","Regal Pillow","Lantern","Boot","Shuriken","Whetstone"],"potions_floor_usage":[23,33,36,36,55,56],"damage_taken":[{"damage":3.0,"enemies":"2 Louse","floor":1.0,"turns":3.0},{"damage":0.0,"enemies":"Cultist","floor":3.0,"turns":2.0},{"damage":4.0,"enemies":"Small Slimes","floor":4.0,"turns":3.0},{"damage":4.0,"enemies":"Looter","floor":5.0,"turns":3.0},{"damage":19.0,"enemies":"Gremlin Nob","floor":6.0,"turns":4.0},{"damage":8.0,"enemies":"3 Sentries","floor":11.0,"turns":8.0},{"damage":1.0,"enemies":"3 Louse","floor":12.0,"turns":5.0},{"damage":0.0,"enemies":"Lagavulin","floor":13.0,"turns":8.0},{"damage":1.0,"enemies":"The Guardian","floor":16.0,"turns":12.0},{"damage":1,"enemies":"Spheric Guardian","floor":18,"turns":5},{"damage":0,"enemies":"Slavers","floor":23,"turns":8},{"damage":5,"enemies":"Book of Stabbing","floor":25,"turns":6},{"damage":3,"enemies":"Slavers","floor":28,"turns":7},{"damage":0,"enemies":"Shell Parasite","floor":29,"turns":8},{"damage":0,"enemies":"Cultist and Chosen","floor":30,"turns":10},{"damage":9,"enemies":"Automaton","floor":33,"turns":12},{"damage":0,"enemies":"3 Shapes","floor":35,"turns":3},{"damage":10,"enemies":"2 Orb Walkers","floor":36,"turns":4},{"damage":24,"enemies":"Nemesis","floor":40,"turns":5},{"damage":0,"enemies":"Reptomancer","floor":44,"turns":8},{"damage":0,"enemies":"3 Darklings","floor":45,"turns":4},{"damage":0,"enemies":"Giant Head","floor":47,"turns":6},{"damage":0,"enemies":"Writhing Mass","floor":48,"turns":5},{"damage":0,"enemies":"Donu and Deca","floor":50,"turns":12},{"damage":8,"enemies":"Awakened One","floor":51,"turns":14},{"damage":38,"enemies":"Shield and Spear","floor":55,"turns":4},{"damage":9,"enemies":"The Heart","floor":56,"turns":5}],"seed_played":"-3165846187930519809","potions_obtained":[{"floor":1.0,"key":"SteroidPotion"},{"floor":3.0,"key":"LiquidBronze"},{"floor":6.0,"key":"Explosive Potion"},{"floor":12.0,"key":"Block Potion"},{"floor":23,"key":"Strength Potion"},{"floor":25,"key":"Swift Potion"},{"floor":35,"key":"Strength Potion"},{"floor":47,"key":"Ancient Potion"},{"floor":55,"key":"Ancient Potion"}],"is_trial":false,"path_per_floor":["M","?","M","M","M","E","$","?","T","?","E","M","E","T","R","B",null,"M","?","$","?","?","E","$","E","T","R","E","M","M","T","R","B",null,"M","?","?","?","?","E","$","R","T","E","M","R","E","M","R","B","B",null,"R","$","E","B"],"character_chosen":"DEFECT","items_purchased":["War Paint","Membership Card","Strength Potion","FTL","ClockworkSouvenir","Cables","PowerPotion","Fire Potion","Good Instincts","Gash"],"campfire_rested":6,"item_purchase_floors":[7,20,20,24,41,41,41,41,54,54],"current_hp_per_floor":[61,61,61,57,53,34,34,23,23,23,15,14,14,14,35,34,62,61,61,61,61,35,45,45,45,45,45,45,45,45,45,45,43,45,45,45,45,45,45,21,21,34,34,36,38,45,45,45,45,45,37,43,45,45,7,0],"gold":69,"neow_bonus":"HUNDRED_GOLD","is_prod":false,"is_daily":false,"chose_seed":false,"campfire_upgraded":0,"win_rate":0,"timestamp":1551473565,"path_taken":["M","?","M","?","?","E","?","?","T","?","E","M","E","?","R","BOSS","M","?","$","?","?","E","$","E","T","R","E","M","M","?","R","BOSS","M","?","?","?","?","E","$","R","T","E","M","R","E","M","R","BOSS","BOSS","R","$","E","BOSS"],"build_version":"2019-02-06","purchased_purges":2,"victory":false,"max_hp_per_floor":[71,71,71,71,71,71,71,71,71,71,71,71,71,71,71,71,71,71,71,71,71,35,45,45,45,45,45,45,45,45,45,45,45,45,45,45,45,45,45,45,45,45,45,45,45,45,45,45,45,45,45,45,45,45,45,45],"card_choices":[{"not_picked":["Sunder","Reinforced Body"],"picked":"Gash","floor":1.0},{"not_picked":["Static Discharge","Blizzard"],"picked":"Glacier","floor":3.0},{"not_picked":["Cold Snap","Stack"],"picked":"Gash","floor":4.0},{"not_picked":["Reprogram","Force Field"],"picked":"Glacier","floor":5.0},{"not_picked":["Beam Cell","Amplify"],"picked":"Static Discharge","floor":6.0},{"not_picked":["Redo","White Noise","Cold Snap"],"picked":"SKIP","floor":11.0},{"not_picked":["Turbo","Blizzard"],"picked":"Cold Snap","floor":12.0},{"not_picked":["Streamline","Steam"],"picked":"Go for the Eyes","floor":13.0},{"not_picked":["Reboot","Amplify"],"picked":"Biased Cognition","floor":16.0},{"not_picked":["Steam","Streamline"],"picked":"Coolheaded","floor":18},{"not_picked":["Steam","Stack"],"picked":"Gash","floor":23},{"not_picked":["Self Repair","Chaos","Scrape"],"picked":"SKIP","floor":25},{"not_picked":["Turbo","Go for the Eyes+1"],"picked":"Hologram","floor":28},{"not_picked":["Rip and Tear","Go for the Eyes"],"picked":"Coolheaded","floor":29},{"not_picked":["Auto Shields","Steam"],"picked":"Doom and Gloom","floor":30},{"not_picked":["Creative AI","Hyperbeam"],"picked":"All For One","floor":33},{"not_picked":["Doom and Gloom","Ball Lightning"],"picked":"Beam Cell","floor":35},{"not_picked":["Chill","Beam Cell"],"picked":"Hologram","floor":36},{"not_picked":["Leap+1","Conserve Battery"],"picked":"Hologram","floor":40},{"not_picked":["Gash+1","Blizzard"],"picked":"Compile Driver","floor":44},{"not_picked":["Reinforced Body","Leap","Barrage"],"picked":"SKIP","floor":45},{"not_picked":["Tempest","Beam Cell","Rebound"],"picked":"SKIP","floor":47},{"not_picked":["Tempest+1","Streamline","Conserve Battery"],"picked":"SKIP","floor":48},{"not_picked":["Beam Cell","Sweeping Beam"],"picked":"Biased Cognition","floor":55}],"player_experience":4976983,"relics_obtained":[{"floor":6.0,"key":"Orichalcum"},{"floor":9.0,"key":"Happy Flower"},{"floor":11.0,"key":"PreservedInsect"},{"floor":13.0,"key":"Sundial"},{"floor":23,"key":"Pear"},{"floor":25,"key":"DataDisk"},{"floor":26,"key":"Omamori"},{"floor":28,"key":"Kunai"},{"floor":31,"key":"Oddly Smooth Stone"},{"floor":36,"key":"Torii"},{"floor":40,"key":"Art of War"},{"floor":40,"key":"Emotion Chip"},{"floor":43,"key":"Blood Vial"},{"floor":44,"key":"Anchor"},{"floor":44,"key":"Regal Pillow"},{"floor":47,"key":"Lantern"},{"floor":47,"key":"Boot"},{"floor":55,"key":"Shuriken"},{"floor":55,"key":"Whetstone"}],"event_choices":[{"damage_healed":0.0,"max_hp_gain":0.0,"max_hp_loss":0.0,"gold_gain":0.0,"event_name":"Accursed Blacksmith","player_choice":"Rummage","floor":2.0,"gold_loss":0.0,"damage_taken":0.0,"relics_obtained":["WarpedTongs"],"cards_obtained":["Pain"]},{"damage_healed":0.0,"max_hp_gain":0.0,"max_hp_loss":0.0,"gold_gain":75.0,"event_name":"World of Goop","player_choice":"Gather Gold","floor":8.0,"gold_loss":0.0,"damage_taken":11.0},{"damage_healed":0.0,"max_hp_gain":0.0,"max_hp_loss":0.0,"gold_gain":0.0,"event_name":"Golden Wing","player_choice":"Ignored","floor":10.0,"gold_loss":0.0,"damage_taken":0.0},{"damage_healed":0,"gold_gain":0,"player_choice":"Ignored","damage_taken":0,"max_hp_gain":0,"max_hp_loss":0,"event_name":"Vampires","floor":19,"gold_loss":0},{"damage_healed":0,"gold_gain":0,"cards_transformed":["Strike_B","Strike_B"],"player_choice":"Became Test Subject","damage_taken":0,"max_hp_gain":0,"max_hp_loss":0,"event_name":"Drug Dealer","floor":21,"gold_loss":0,"cards_obtained":["Self Repair","Compile Driver"]},{"damage_healed":0,"gold_gain":0,"player_choice":"Became a Ghost","damage_taken":0,"max_hp_gain":0,"max_hp_loss":36,"event_name":"Ghosts","floor":22,"gold_loss":0,"cards_obtained":["Ghostly","Ghostly","Ghostly"]},{"damage_healed":0,"gold_gain":0,"player_choice":"Fight","damage_taken":0,"max_hp_gain":0,"max_hp_loss":0,"event_name":"Mysterious Sphere","floor":36,"gold_loss":0},{"damage_healed":9,"gold_gain":0,"player_choice":"Writhe","damage_taken":0,"max_hp_gain":0,"max_hp_loss":0,"event_name":"Winding Halls","floor":37,"gold_loss":0,"cards_obtained":["Writhe"]},{"damage_healed":0,"gold_gain":0,"player_choice":"Ignored","damage_taken":0,"max_hp_gain":0,"max_hp_loss":0,"event_name":"Tomb of Lord Red Mask","floor":38,"gold_loss":0},{"cards_removed":["Self Repair"],"damage_healed":0,"gold_gain":0,"player_choice":"Removed Power","damage_taken":0,"max_hp_gain":0,"max_hp_loss":0,"event_name":"Falling","floor":39,"gold_loss":0}],"is_beta":true,"boss_relics":[{"not_picked":["Cursed Key","Coffee Dripper"],"picked":"Fusion Hammer"},{"not_picked":["Tiny House","Sozu"],"picked":"Black Star"}],"items_purged_floors":[7,20],"is_endless":false,"potions_floor_spawned":[1,3,6,12,23,25,30,35,47,55],"killed_by":"The Heart","ascension_level":20}