{"gold_per_floor":[117,117,128,128,142,167,181,181,181,196,208,227,227,261,261,338,338,358,383,397,397,416,416,51,63,63,80,80,95,121,134,134,206,206,225,47,67,167,67,98,98,131,154,182,182,214,214,225,225,225,225,225,225,15,46,46],"floor_reached":57,"playtime":4190,"items_purged":["Decay","Strike_R"],"score":3033,"play_id":"e2e8a884-c80a-4f70-83a5-f95b510fba7a","local_time":"20190301181207","is_ascension_mode":true,"campfire_choices":[{"data":"Hemokinesis","floor":8,"key":"SMITH"},{"floor":13,"key":"DIG"},{"floor":15,"key":"DIG"},{"floor":23,"key":"DIG"},{"floor":28,"key":"DIG"},{"floor":32,"key":"DIG"},{"floor":45,"key":"DIG"},{"floor":47,"key":"DIG"},{"floor":49,"key":"RECALL"},{"floor":53,"key":"DIG"}],"neow_cost":"TEN_PERCENT_HP_LOSS","seed_source_timestamp":28863780036390,"circlet_count":0,"master_deck":["AscendersBane","Strike_R","Strike_R","Defend_R","Defend_R+1","Defend_R","Defend_R","Bash+1","Hemokinesis+1","Battle Trance","Shrug It Off","Armaments","Shrug It Off","Disarm","Thunderclap","Rampage+1","Reaper+1","Heavy Blade+1","Inflame+1","Reaper+1","Corruption","Shrug It Off+1","Bludgeon+1","Shrug It Off","Clothesline+1","Feed+1","Limit Break","Apotheosis","Flame Barrier","Flame Barrier+1","Limit Break","True Grit"],"relics":["Burning Blood","FossilizedHelix","Singing Bowl","Shovel","Charon\u0027s Ashes","Molten Egg 2","Ancient Tea Set","Snecko Eye","Red Mask","Thread and Needle","Shuriken","Happy Flower","War Paint","Art of War","Sozu","Gambling Chip","Unceasing Top","Sundial","Pear","Darkstone Periapt","Dodecahedron","Magic Flower","Bottled Lightning","DollysMirror","Bag of Preparation"],"potions_floor_usage":[6,16,19,56],"damage_taken":[{"damage":4,"enemies":"Small Slimes","floor":1,"turns":5},{"damage":1,"enemies":"Cultist","floor":3,"turns":4},{"damage":0,"enemies":"Jaw Worm","floor":5,"turns":2},{"damage":27,"enemies":"Gremlin Nob","floor":6,"turns":4},{"damage":5,"enemies":"3 Louse","floor":7,"turns":4},{"damage":6,"enemies":"Large Slime","floor":10,"turns":5},{"damage":0,"enemies":"2 Fungi Beasts","floor":11,"turns":4},{"damage":6,"enemies":"Lots of Slimes","floor":12,"turns":6},{"damage":2,"enemies":"3 Sentries","floor":14,"turns":6},{"damage":50,"enemies":"Slime Boss","floor":16,"turns":12},{"damage":18,"enemies":"Spheric Guardian","floor":18,"turns":5},{"damage":62,"enemies":"Masked Bandits","floor":19,"turns":6},{"damage":12,"enemies":"3 Byrds","floor":20,"turns":5},{"damage":20,"enemies":"Snake Plant","floor":22,"turns":4},{"damage":0,"enemies":"Snecko","floor":25,"turns":2},{"damage":0,"enemies":"3 Cultists","floor":27,"turns":4},{"damage":0,"enemies":"Cultist and Chosen","floor":29,"turns":3},{"damage":8,"enemies":"Slavers","floor":30,"turns":3},{"damage":14,"enemies":"Snecko","floor":31,"turns":3},{"damage":26,"enemies":"Automaton","floor":33,"turns":9},{"damage":0,"enemies":"3 Shapes","floor":35,"turns":4},{"damage":0,"enemies":"Orb Walker","floor":37,"turns":3},{"damage":0,"enemies":"Mind Bloom Boss Battle","floor":38,"turns":6},{"damage":5,"enemies":"Nemesis","floor":40,"turns":5},{"damage":0,"enemies":"Giant Head","floor":42,"turns":4},{"damage":0,"enemies":"Reptomancer","floor":44,"turns":5},{"damage":0,"enemies":"Nemesis","floor":46,"turns":5},{"damage":0,"enemies":"Sphere and 2 Shapes","floor":48,"turns":3},{"damage":11,"enemies":"Awakened One","floor":50,"turns":10},{"damage":7,"enemies":"Donu and Deca","floor":51,"turns":6},{"damage":81,"enemies":"Shield and Spear","floor":55,"turns":5},{"damage":90,"enemies":"The Heart","floor":56,"turns":7}],"seed_played":"3784859398324337532","potions_obtained":[{"floor":1,"key":"Dexterity Potion"},{"floor":5,"key":"FearPotion"},{"floor":7,"key":"Block Potion"},{"floor":18,"key":"Regen Potion"},{"floor":22,"key":"Poison Potion"},{"floor":29,"key":"SteroidPotion"},{"floor":30,"key":"Fruit Juice"}],"is_trial":false,"path_per_floor":["M","?","M","?","M","E","M","R","T","M","M","M","R","E","R","B",null,"M","?","M","?","M","R","$","M","T","M","R","M","E","M","R","B",null,"M","$","M","?","$","E","?","E","T","E","R","E","R","M","R","B","B",null,"R","$","E","B",null],"character_chosen":"IRONCLAD","items_purchased":["Corruption","Shrug It Off","Bludgeon+1","Apotheosis","DollysMirror"],"campfire_rested":0,"item_purchase_floors":[24,24,24,36,54],"current_hp_per_floor":[68,48,53,53,59,38,39,39,39,39,47,47,47,51,51,7,54,47,16,20,20,14,14,14,34,34,73,73,74,72,76,76,60,75,86,86,86,88,88,90,90,96,96,106,106,108,108,114,114,118,122,122,122,122,122,117],"gold":46,"neow_bonus":"ONE_RARE_RELIC","is_prod":false,"is_daily":false,"chose_seed":false,"campfire_upgraded":1,"win_rate":0,"timestamp":1551492727,"path_taken":["M","?","M","?","M","E","M","R","T","M","?","M","R","E","R","BOSS","M","?","M","?","M","R","$","M","T","M","R","M","E","M","R","BOSS","M","$","M","?","$","E","?","E","T","E","R","E","R","M","R","BOSS","BOSS","R","$","E","BOSS"],"build_version":"2019-02-06","purchased_purges":2,"victory":true,"max_hp_per_floor":[68,68,68,68,68,68,68,68,68,68,70,70,70,70,70,70,70,70,70,72,72,72,72,72,72,72,74,74,74,74,76,76,80,80,86,86,86,88,88,90,90,96,96,106,106,108,108,114,114,118,122,122,122,122,122,122],"card_choices":[{"not_picked":["Power Through","Intimidate"],"picked":"Hemokinesis","floor":1},{"not_picked":["Body Slam","Anger"],"picked":"Battle Trance","floor":3},{"not_picked":["Armaments","Entrench"],"picked":"Shrug It Off","floor":5},{"not_picked":["Twin Strike","Bloodletting"],"picked":"Armaments","floor":6},{"not_picked":["Clash","Hemokinesis"],"picked":"Shrug It Off","floor":7},{"not_picked":["Flame Barrier","Shrug It Off"],"picked":"Disarm","floor":10},{"not_picked":["Intimidate","Havoc","Heavy Blade"],"picked":"Singing Bowl","floor":11},{"not_picked":["Warcry","Pommel Strike"],"picked":"Thunderclap","floor":12},{"not_picked":["Dual Wield","Twin Strike"],"picked":"Rampage","floor":14},{"not_picked":["Demon Form","Exhume"],"picked":"Reaper+1","floor":16},{"not_picked":["Headbutt+1","Pommel Strike+1"],"picked":"Heavy Blade+1","floor":18},{"not_picked":["Dropkick+1","Armaments"],"picked":"Inflame+1","floor":19},{"not_picked":["Havoc","Pommel Strike+1","Twin Strike+1"],"picked":"Singing Bowl","floor":20},{"not_picked":["Flame Barrier","Entrench"],"picked":"Reaper+1","floor":22},{"not_picked":["Warcry","Entrench"],"picked":"Shrug It Off","floor":25},{"not_picked":["Fire Breathing","Heavy Blade+1","Sword Boomerang+1"],"picked":"Singing Bowl","floor":27},{"not_picked":["Havoc","Thunderclap+1"],"picked":"Clothesline+1","floor":29},{"not_picked":["Body Slam+1","Inflame"],"picked":"Feed+1","floor":30},{"not_picked":["Body Slam+1","Wild Strike+1","Armaments"],"picked":"Singing Bowl","floor":31},{"not_picked":["Bludgeon+1","Double Tap"],"picked":"Limit Break","floor":33},{"not_picked":["Clothesline+1","Searing Blow+1","Heavy Blade+1"],"picked":"Singing Bowl","floor":35},{"not_picked":["Thunderclap+1","Headbutt+1"],"picked":"Flame Barrier","floor":37},{"not_picked":["Warcry","Cleave+1","Armaments"],"picked":"Singing Bowl","floor":38},{"not_picked":["Body Slam+1","Combust","Feed+1"],"picked":"Singing Bowl","floor":40},{"not_picked":["Immolate+1","Headbutt+1","Wild Strike+1"],"picked":"Singing Bowl","floor":42},{"not_picked":["Iron Wave+1","Sword Boomerang+1"],"picked":"Flame Barrier+1","floor":44},{"not_picked":["Bloodletting","Cleave+1","Sword Boomerang+1"],"picked":"Singing Bowl","floor":46},{"not_picked":["Heavy Blade+1","Shrug It Off","Warcry"],"picked":"Singing Bowl","floor":48},{"not_picked":["Fiend Fire+1","Flex"],"picked":"True Grit","floor":55}],"player_experience":4992404,"relics_obtained":[{"floor":6,"key":"Singing Bowl"},{"floor":9,"key":"Shovel"},{"floor":13,"key":"Charon\u0027s Ashes"},{"floor":14,"key":"Molten Egg 2"},{"floor":15,"key":"Ancient Tea Set"},{"floor":19,"key":"Red Mask"},{"floor":23,"key":"Thread and Needle"},{"floor":26,"key":"Shuriken"},{"floor":28,"key":"Happy Flower"},{"floor":30,"key":"War Paint"},{"floor":32,"key":"Art of War"},{"floor":38,"key":"Gambling Chip"},{"floor":40,"key":"Unceasing Top"},{"floor":42,"key":"Sundial"},{"floor":44,"key":"Pear"},{"floor":45,"key":"Darkstone Periapt"},{"floor":46,"key":"Dodecahedron"},{"floor":47,"key":"Magic Flower"},{"floor":53,"key":"Bottled Lightning"},{"floor":55,"key":"Bag of Preparation"}],"event_choices":[{"damage_healed":0,"gold_gain":0,"player_choice":"Entered Light","damage_taken":20,"max_hp_gain":0,"max_hp_loss":0,"event_name":"Shining Light","floor":2,"gold_loss":0,"cards_upgraded":["Bash","Strike_R"]},{"cards_removed":["Strike_R"],"damage_healed":0,"gold_gain":0,"player_choice":"Offered Basic","damage_taken":0,"max_hp_gain":0,"max_hp_loss":0,"event_name":"Bonfire Elementals","floor":4,"gold_loss":0},{"damage_healed":0,"gold_gain":0,"player_choice":"Fought Bandits","damage_taken":0,"max_hp_gain":0,"max_hp_loss":0,"event_name":"Masked Bandits","floor":19,"gold_loss":0},{"damage_healed":0,"gold_gain":0,"player_choice":"Smashed Altar","damage_taken":0,"max_hp_gain":0,"max_hp_loss":0,"event_name":"Forgotten Altar","floor":21,"gold_loss":0,"cards_obtained":["Decay"]},{"damage_healed":0,"gold_gain":0,"player_choice":"Fight","damage_taken":0,"max_hp_gain":0,"max_hp_loss":0,"event_name":"MindBloom","floor":38,"gold_loss":0},{"cards_removed":["Strike_R"],"damage_healed":0,"gold_gain":0,"player_choice":"Removed Attack","damage_taken":0,"max_hp_gain":0,"max_hp_loss":0,"event_name":"Falling","floor":41,"gold_loss":0}],"is_beta":true,"boss_relics":[{"not_picked":["Fusion Hammer","Coffee Dripper"],"picked":"Snecko Eye"},{"not_picked":["Mark of Pain","White Beast Statue"],"picked":"Sozu"}],"items_purged_floors":[24,39],"is_endless":false,"potions_floor_spawned":[1,5,7,14,18,22,29,30,38,44,46,48],"ascension_level":20}