{"gold_per_floor":[111,126,126,7,26,52,52,78,102,102,134,134,134,160,160,232,232,243,243,54,72,72,104,104,137,137,157,173,202,202,219,219,298,298,317,317,333,344,158,188,188,221,221,321,321,341,393,35,35,35,35,35,35,35,69,69],"floor_reached":57,"playtime":5273,"items_purged":["Strike_R","Pain"],"score":2838,"play_id":"1bc19ca4-eaa0-4602-916f-757d11810f89","local_time":"20190305133351","is_ascension_mode":true,"campfire_choices":[{"data":"Headbutt","floor":7,"key":"SMITH"},{"data":"Defend_R","floor":10,"key":"SMITH"},{"data":"Burning Pact","floor":15,"key":"SMITH"},{"floor":30,"key":"DIG"},{"floor":32,"key":"DIG"},{"floor":41,"key":"DIG"},{"floor":49,"key":"RECALL"},{"floor":53,"key":"DIG"}],"neow_cost":"NONE","seed_source_timestamp":9632777748221,"circlet_count":0,"master_deck":["AscendersBane","Strike_R+1","Strike_R+1","Strike_R+1","Defend_R+1","Defend_R+1","Bash+1","Anger+1","Flame Barrier+1","Rampage","Clothesline+1","Burning Pact+1","Fiend Fire","Disarm+1","Demon Form+1","Immolate","Havoc","Intimidate+1","Havoc","Power Through","Feel No Pain","Shrug It Off","Sword Boomerang","Dark Embrace","True Grit","Flame Barrier+1","Headbutt+1","Rage+1","Offering","Sword Boomerang+1","Doubt","Corruption","Spot Weakness"],"relics":["Burning Blood","War Paint","Red Skull","Orichalcum","Whetstone","Astrolabe","PreservedInsect","WarpedTongs","Lantern","Shovel","Meat on the Bone","Happy Flower","Potion Belt","Cursed Key","Gremlin Horn","StoneCalendar","Centennial Puzzle","Torii","Dream Catcher","Dead Branch","Blue Candle"],"potions_floor_usage":[8,16,23,25,25,51,56,56,56],"damage_taken":[{"damage":1,"enemies":"Small Slimes","floor":1,"turns":3},{"damage":8,"enemies":"2 Louse","floor":2,"turns":3},{"damage":7,"enemies":"Jaw Worm","floor":5,"turns":4},{"damage":31,"enemies":"Gremlin Nob","floor":6,"turns":4},{"damage":14,"enemies":"Lagavulin","floor":8,"turns":7},{"damage":3,"enemies":"Gremlin Nob","floor":11,"turns":3},{"damage":8,"enemies":"3 Sentries","floor":14,"turns":5},{"damage":8,"enemies":"Hexaghost","floor":16,"turns":5},{"damage":4,"enemies":"Shell Parasite","floor":18,"turns":4},{"damage":12,"enemies":"3 Byrds","floor":21,"turns":5},{"damage":8,"enemies":"Slavers","floor":23,"turns":3},{"damage":20,"enemies":"Gremlin Leader","floor":25,"turns":4},{"damage":2,"enemies":"Cultist and Chosen","floor":27,"turns":7},{"damage":10,"enemies":"Snake Plant","floor":28,"turns":3},{"damage":22,"enemies":"Book of Stabbing","floor":29,"turns":4},{"damage":6,"enemies":"Centurion and Healer","floor":31,"turns":4},{"damage":22,"enemies":"Champ","floor":33,"turns":8},{"damage":7,"enemies":"3 Shapes","floor":35,"turns":19},{"damage":6,"enemies":"Orb Walker","floor":37,"turns":4},{"damage":5,"enemies":"Jaw Worm Horde","floor":38,"turns":5},{"damage":7,"enemies":"Nemesis","floor":40,"turns":5},{"damage":3,"enemies":"Reptomancer","floor":42,"turns":6},{"damage":6,"enemies":"Mind Bloom Boss Battle","floor":44,"turns":4},{"damage":14,"enemies":"Transient","floor":46,"turns":6},{"damage":43,"enemies":"Awakened One","floor":50,"turns":11},{"damage":6,"enemies":"Time Eater","floor":51,"turns":7},{"damage":18,"enemies":"Shield and Spear","floor":55,"turns":4},{"damage":49,"enemies":"The Heart","floor":56,"turns":8}],"seed_played":"7787104747291333130","potions_obtained":[{"floor":6,"key":"AttackPotion"},{"floor":11,"key":"Strength Potion"},{"floor":16,"key":"AttackPotion"},{"floor":18,"key":"Weak Potion"},{"floor":23,"key":"Fire Potion"},{"floor":25,"key":"BloodPotion"},{"floor":28,"key":"BloodPotion"},{"floor":35,"key":"Poison Potion"},{"floor":38,"key":"Dexterity Potion"}],"is_trial":false,"path_per_floor":["M","M","?","$","M","E","R","E","T","R","E","?","?","E","R","B",null,"M","?","$","M","$","E","?","E","T","M","M","E","R","M","R","B",null,"M","?","M","M","$","E","R","E","T","?","?","M","T","$","R","B","B",null,"R","$","E","B",null],"character_chosen":"IRONCLAD","items_purchased":["Flame Barrier","Immolate","Havoc","Ancient Potion","Corruption","Dead Branch"],"campfire_rested":0,"item_purchase_floors":[4,20,20,39,48,48],"current_hp_per_floor":[73,71,71,71,70,45,45,37,37,37,40,40,17,15,15,13,60,62,62,62,56,56,54,54,40,40,44,40,24,24,36,36,32,64,63,63,63,64,64,63,63,66,66,66,55,47,47,47,47,22,34,65,65,65,53,29],"gold":69,"neow_bonus":"UPGRADE_CARD","is_prod":false,"is_daily":false,"chose_seed":false,"campfire_upgraded":3,"win_rate":0,"timestamp":1551821631,"path_taken":["M","M","?","$","M","E","R","E","T","R","E","?","?","E","R","BOSS","M","?","$","M","$","E","?","E","T","?","?","E","R","M","R","BOSS","M","?","M","M","$","E","R","E","T","?","?","?","?","?","R","BOSS","BOSS","R","$","E","BOSS"],"build_version":"2019-02-06","purchased_purges":2,"victory":true,"max_hp_per_floor":[75,75,75,75,75,75,75,75,75,75,75,75,75,75,75,75,75,75,75,75,75,75,75,75,75,75,75,75,75,75,75,75,75,75,75,75,75,75,75,75,75,75,75,75,75,75,75,75,75,75,75,75,75,75,75,75],"card_choices":[{"not_picked":["Wild Strike","True Grit"],"picked":"Anger","floor":1},{"not_picked":["Infernal Blade","Anger","Wild Strike"],"picked":"SKIP","floor":2},{"not_picked":["Burning Pact","Armaments"],"picked":"Headbutt","floor":5},{"not_picked":["Sword Boomerang","Clash"],"picked":"Rampage","floor":6},{"not_picked":["Intimidate","Headbutt","Armaments"],"picked":"SKIP","floor":8},{"not_picked":["Sever Soul","Bloodletting"],"picked":"Clothesline","floor":11},{"not_picked":["Anger","Second Wind"],"picked":"Burning Pact","floor":14},{"not_picked":["Barricade","Double Tap"],"picked":"Fiend Fire","floor":16},{"not_picked":["Uppercut","Dropkick","Iron Wave"],"picked":"SKIP","floor":18},{"not_picked":["Whirlwind","Evolve"],"picked":"Intimidate+1","floor":21},{"not_picked":["Rampage","Flex"],"picked":"Havoc","floor":23},{"not_picked":["Intimidate","Double Tap"],"picked":"Power Through","floor":25},{"not_picked":["Pommel Strike+1","Havoc+1"],"picked":"Feel No Pain","floor":27},{"not_picked":["Sentinel","Wild Strike","Thunderclap"],"picked":"SKIP","floor":28},{"not_picked":["Armaments","Havoc+1"],"picked":"Shrug It Off","floor":29},{"not_picked":["Body Slam","Armaments"],"picked":"Sword Boomerang","floor":31},{"not_picked":["Brutality","Bludgeon"],"picked":"Dark Embrace","floor":33},{"not_picked":["Reckless Charge","Shrug It Off"],"picked":"True Grit","floor":35},{"not_picked":["Iron Wave","Wild Strike"],"picked":"Flame Barrier+1","floor":37},{"not_picked":["Cleave","Combust+1"],"picked":"Headbutt+1","floor":38},{"not_picked":["Pummel","Rupture"],"picked":"Rage+1","floor":40},{"not_picked":["Perfected Strike+1","Inflame"],"picked":"Offering","floor":42},{"not_picked":["Rupture","Iron Wave"],"picked":"Sword Boomerang+1","floor":46},{"not_picked":["Sentinel","Armaments"],"picked":"Spot Weakness","floor":55}],"player_experience":5039319,"relics_obtained":[{"floor":6,"key":"War Paint"},{"floor":8,"key":"Red Skull"},{"floor":11,"key":"Orichalcum"},{"floor":14,"key":"Whetstone"},{"floor":23,"key":"PreservedInsect"},{"floor":25,"key":"Lantern"},{"floor":26,"key":"Shovel"},{"floor":29,"key":"Meat on the Bone"},{"floor":30,"key":"Happy Flower"},{"floor":32,"key":"Potion Belt"},{"floor":40,"key":"Gremlin Horn"},{"floor":41,"key":"StoneCalendar"},{"floor":42,"key":"Centennial Puzzle"},{"floor":44,"key":"Torii"},{"floor":47,"key":"Dream Catcher"},{"floor":55,"key":"Blue Candle"}],"event_choices":[{"damage_healed":0,"gold_gain":0,"player_choice":"Grow","damage_taken":0,"max_hp_gain":0,"max_hp_loss":0,"event_name":"Living Wall","floor":3,"gold_loss":0,"cards_upgraded":["Anger"]},{"damage_healed":0,"gold_gain":0,"player_choice":"Ignored","damage_taken":0,"max_hp_gain":0,"max_hp_loss":0,"event_name":"Liars Game","floor":12,"gold_loss":0},{"damage_healed":0,"gold_gain":0,"player_choice":"Entered Light","damage_taken":23,"max_hp_gain":0,"max_hp_loss":0,"event_name":"Shining Light","floor":13,"gold_loss":0,"cards_upgraded":["Clothesline","Strike_R"]},{"cards_removed":["Rupture"],"damage_healed":0,"gold_gain":0,"player_choice":"Elegance","damage_taken":0,"max_hp_gain":0,"max_hp_loss":0,"event_name":"Back to Basics","floor":19,"gold_loss":0},{"damage_healed":0,"gold_gain":0,"player_choice":"Rummage","damage_taken":0,"relics_obtained":["WarpedTongs"],"max_hp_gain":0,"max_hp_loss":0,"event_name":"Accursed Blacksmith","floor":24,"gold_loss":0,"cards_obtained":["Pain"]},{"cards_removed":["Headbutt"],"damage_healed":0,"gold_gain":0,"player_choice":"Removed Attack","damage_taken":0,"max_hp_gain":0,"max_hp_loss":0,"event_name":"Falling","floor":36,"gold_loss":0},{"damage_healed":0,"gold_gain":0,"player_choice":"Fight","damage_taken":0,"max_hp_gain":0,"max_hp_loss":0,"event_name":"MindBloom","floor":44,"gold_loss":0},{"damage_healed":0,"gold_gain":0,"player_choice":"Damaged","damage_taken":11,"max_hp_gain":0,"max_hp_loss":0,"event_name":"Wheel of Change","floor":45,"gold_loss":0}],"is_beta":true,"boss_relics":[{"not_picked":["Black Blood","Busted Crown"],"picked":"Astrolabe"},{"not_picked":["Mark of Pain","Runic Cube"],"picked":"Cursed Key"}],"items_purged_floors":[4,39],"is_endless":false,"potions_floor_spawned":[6,11,16,18,23,25,28,29,35,38,40,46],"ascension_level":20}