{"gold_per_floor":[215,215,232,249,45,76,1,1,51,51,69,85,112,122,122,198,198,208,51,71,100,127,127,156,171,246,246,261,261,292,302,302,379,379,389,408,120,395,405,434,450,450,450,480,480,491,491,506,506,506,506,506,506,44,75,75],"floor_reached":56,"playtime":5776,"items_purged":["Strike_B","Strike_B","Strike_B+1"],"score":2043,"play_id":"1977693e-a5d9-4597-8e93-80c0d96a8f29","local_time":"20190224181731","is_ascension_mode":true,"campfire_choices":[{"data":"Defragment","floor":8,"key":"SMITH"},{"floor":10,"key":"REST"},{"data":"Conserve Battery","floor":15,"key":"SMITH"},{"data":"Electrodynamics","floor":23,"key":"SMITH"},{"floor":27,"key":"REST"},{"floor":32,"key":"DIG"},{"floor":45,"key":"DIG"},{"floor":47,"key":"DIG"},{"floor":49,"key":"RECALL"},{"data":"Biased Cognition","floor":53,"key":"SMITH"}],"neow_cost":"NONE","seed_source_timestamp":74778889456287,"circlet_count":0,"master_deck":["AscendersBane","Defend_B","Defend_B","Defend_B","Defend_B","Zap","Dualcast","Consume","Cold Snap+1","Ball Lightning","Defragment+1","Hologram","Compile Driver","Cold Snap","Ball Lightning","Conserve Battery+1","Electrodynamics+1","Coolheaded","Hologram+1","Biased Cognition+1","Core Surge","Self Repair+1","Echo Form","Gash","Steam Power+1","Thunder Strike","Coolheaded","White Noise"],"relics":["Cracked Core","Whetstone","Centennial Puzzle","Oddly Smooth Stone","Happy Flower","Velvet Choker","Red Mask","Omamori","Shovel","Ancient Tea Set","Cables","Runic Pyramid","Art of War","Pear","FossilizedHelix","Blood Vial","Regal Pillow","Orichalcum","Bag of Preparation","Boot"],"potions_floor_usage":[14,16,21,30,33,40,56,56],"damage_taken":[{"damage":3,"enemies":"2 Louse","floor":1,"turns":2},{"damage":0,"enemies":"Cultist","floor":3,"turns":3},{"damage":5,"enemies":"Small Slimes","floor":4,"turns":3},{"damage":21,"enemies":"3 Sentries","floor":6,"turns":7},{"damage":12,"enemies":"Exordium Thugs","floor":11,"turns":5},{"damage":5,"enemies":"Blue Slaver","floor":12,"turns":4},{"damage":0,"enemies":"Lagavulin","floor":13,"turns":7},{"damage":6,"enemies":"Gremlin Gang","floor":14,"turns":3},{"damage":0,"enemies":"The Guardian","floor":16,"turns":10},{"damage":6,"enemies":"Shell Parasite","floor":18,"turns":6},{"damage":0,"enemies":"Chosen","floor":20,"turns":3},{"damage":10,"enemies":"Masked Bandits","floor":21,"turns":3},{"damage":8,"enemies":"Slavers","floor":24,"turns":2},{"damage":0,"enemies":"Snecko","floor":25,"turns":4},{"damage":18,"enemies":"Snake Plant","floor":28,"turns":2},{"damage":17,"enemies":"Book of Stabbing","floor":30,"turns":5},{"damage":0,"enemies":"3 Cultists","floor":31,"turns":4},{"damage":10,"enemies":"Automaton","floor":33,"turns":9},{"damage":12,"enemies":"3 Darklings","floor":35,"turns":4},{"damage":0,"enemies":"Orb Walker","floor":36,"turns":3},{"damage":2,"enemies":"Maw","floor":39,"turns":6},{"damage":30,"enemies":"Reptomancer","floor":40,"turns":5},{"damage":5,"enemies":"Writhing Mass","floor":41,"turns":6},{"damage":47,"enemies":"Giant Head","floor":44,"turns":10},{"damage":0,"enemies":"4 Shapes","floor":46,"turns":3},{"damage":4,"enemies":"Spire Growth","floor":48,"turns":4},{"damage":4,"enemies":"Donu and Deca","floor":50,"turns":15},{"damage":24,"enemies":"Awakened One","floor":51,"turns":20},{"damage":20,"enemies":"Shield and Spear","floor":55,"turns":8},{"damage":74,"enemies":"The Heart","floor":56,"turns":8}],"seed_played":"5577610174537811039","potions_obtained":[{"floor":1,"key":"FearPotion"},{"floor":4,"key":"SpeedPotion"},{"floor":6,"key":"GamblersBrew"},{"floor":14,"key":"FearPotion"},{"floor":21,"key":"PowerPotion"},{"floor":25,"key":"Weak Potion"},{"floor":33,"key":"Dexterity Potion"},{"floor":35,"key":"FocusPotion"},{"floor":36,"key":"EntropicBrew"},{"floor":46,"key":"SpeedPotion"}],"is_trial":false,"path_per_floor":["M","?","M","M","$","E","$","R","T","R","M","M","E","M","R","B",null,"M","$","M","?","T","R","E","M","T","R","M","?","E","M","R","B",null,"M","M","$","?","M","E","M","?","T","E","R","M","R","M","R","B","B",null,"R","$","E","B"],"character_chosen":"DEFECT","items_purchased":["Defragment","Whetstone","Poison Potion","Art of War","Bag of Preparation","Thunder Strike","Coolheaded","Ancient Potion"],"campfire_rested":2,"item_purchase_floors":[5,5,19,37,54,54,54,54],"current_hp_per_floor":[61,61,61,56,56,35,35,35,35,56,44,39,39,33,33,33,62,56,56,56,46,46,46,38,38,38,59,41,34,17,17,17,7,55,43,43,43,43,51,41,46,62,62,35,35,47,47,45,45,63,61,76,76,76,68,0],"gold":75,"neow_bonus":"HUNDRED_GOLD","is_prod":false,"is_daily":false,"chose_seed":false,"campfire_upgraded":4,"win_rate":0,"timestamp":1551061051,"path_taken":["M","?","M","?","$","E","?","R","T","R","M","?","E","M","R","BOSS","M","$","M","?","?","R","E","M","T","R","M","?","E","M","R","BOSS","M","?","$","?","?","E","M","?","T","E","R","M","R","M","R","BOSS","BOSS","R","$","E","BOSS"],"build_version":"2019-02-06","purchased_purges":3,"victory":false,"max_hp_per_floor":[71,71,71,71,71,71,71,71,71,71,71,71,71,71,71,71,71,71,71,71,71,71,71,71,71,71,71,71,71,71,71,71,71,71,71,71,71,71,71,81,81,81,81,81,81,81,81,81,81,81,81,81,81,81,81,81],"card_choices":[{"not_picked":["Streamline","Turbo"],"picked":"Consume","floor":1},{"not_picked":["Beam Cell","Heatsinks","Consume"],"picked":"SKIP","floor":3},{"not_picked":["Compile Driver","Consume"],"picked":"Ball Lightning","floor":4},{"not_picked":["Stack","Redo"],"picked":"Hologram","floor":6},{"not_picked":["Force Field","Machine Learning"],"picked":"Compile Driver","floor":11},{"not_picked":["Ball Lightning","Double Energy"],"picked":"Cold Snap","floor":12},{"not_picked":["Hello World","Skim"],"picked":"Ball Lightning","floor":13},{"not_picked":["Redo","Go for the Eyes"],"picked":"Conserve Battery","floor":14},{"not_picked":["Fission","Hyperbeam"],"picked":"Electrodynamics","floor":16},{"not_picked":["Storm","Lockon","Cold Snap"],"picked":"SKIP","floor":18},{"not_picked":["Steam","Defragment"],"picked":"Coolheaded","floor":20},{"not_picked":["Leap","Steam"],"picked":"Hologram+1","floor":24},{"not_picked":["Steam","Consume","Beam Cell+1"],"picked":"SKIP","floor":25},{"not_picked":["Steam","Consume","Beam Cell+1"],"picked":"SKIP","floor":25},{"not_picked":["Double Energy","Leap","Sweeping Beam"],"picked":"SKIP","floor":28},{"not_picked":["Redo+1","Buffer"],"picked":"Biased Cognition","floor":30},{"not_picked":["Conserve Battery","Rebound","Beam Cell"],"picked":"SKIP","floor":31},{"not_picked":["All For One","Fission"],"picked":"Core Surge","floor":33},{"not_picked":["Hologram","Barrage","Cold Snap+1"],"picked":"SKIP","floor":35},{"not_picked":["Hologram","Barrage","Cold Snap+1"],"picked":"SKIP","floor":35},{"not_picked":["Steam+1","Cold Snap"],"picked":"Self Repair+1","floor":36},{"not_picked":["Chaos+1","Self Repair+1","Aggregate+1"],"picked":"SKIP","floor":39},{"not_picked":["Leap","White Noise"],"picked":"Echo Form","floor":40},{"not_picked":["Ball Lightning","Auto Shields","Cold Snap"],"picked":"SKIP","floor":41},{"not_picked":["Turbo","Leap","Barrage"],"picked":"SKIP","floor":44},{"not_picked":["Ball Lightning+1","Leap"],"picked":"Gash","floor":46},{"not_picked":["Conserve Battery","Leap"],"picked":"Steam Power+1","floor":48},{"not_picked":["Steam+1","Conserve Battery"],"picked":"White Noise","floor":55}],"player_experience":4938204,"relics_obtained":[{"floor":6,"key":"Centennial Puzzle"},{"floor":9,"key":"Oddly Smooth Stone"},{"floor":13,"key":"Happy Flower"},{"floor":21,"key":"Red Mask"},{"floor":22,"key":"Omamori"},{"floor":24,"key":"Shovel"},{"floor":30,"key":"Ancient Tea Set"},{"floor":32,"key":"Cables"},{"floor":40,"key":"Pear"},{"floor":43,"key":"FossilizedHelix"},{"floor":44,"key":"Blood Vial"},{"floor":45,"key":"Regal Pillow"},{"floor":47,"key":"Orichalcum"},{"floor":55,"key":"Boot"}],"event_choices":[{"damage_healed":0,"gold_gain":0,"cards_transformed":["Strike_B"],"player_choice":"Transformed","damage_taken":0,"max_hp_gain":0,"max_hp_loss":0,"event_name":"Transmorgrifier","floor":2,"gold_loss":0,"cards_obtained":["Cold Snap"]},{"damage_healed":0,"gold_gain":0,"player_choice":"Fought Bandits","damage_taken":0,"max_hp_gain":0,"max_hp_loss":0,"event_name":"Masked Bandits","floor":21,"gold_loss":0},{"damage_healed":0,"gold_gain":0,"player_choice":"","damage_taken":7,"max_hp_gain":0,"max_hp_loss":0,"event_name":"Knowing Skull","floor":29,"potions_obtained":[],"gold_loss":0,"cards_obtained":[]},{"damage_healed":0,"gold_gain":275,"player_choice":"Desecrate","damage_taken":0,"max_hp_gain":0,"max_hp_loss":0,"event_name":"Golden Shrine","floor":38,"gold_loss":0,"cards_obtained":["Regret"]},{"damage_healed":16,"gold_gain":0,"player_choice":"Writhe","damage_taken":0,"max_hp_gain":0,"max_hp_loss":0,"event_name":"Winding Halls","floor":42,"gold_loss":0,"cards_obtained":["Writhe"]}],"is_beta":true,"boss_relics":[{"not_picked":["Philosopher\u0027s Stone","Nuclear Battery"],"picked":"Velvet Choker"},{"not_picked":["Lizard Tail","FrozenCore"],"picked":"Runic Pyramid"}],"items_purged_floors":[7,19,37],"is_endless":false,"potions_floor_spawned":[1,4,6,14,21,25,28,33,35,36,46],"killed_by":"The Heart","ascension_level":20}