{"gold_per_floor":[119,119,119,136,153,153,188,188,188,222,237,237,237,261,273,360,372,400,17,46,0,12,12,39,39,118,118,118,130,160,50,50,127,127,138,26,45,62,75,75],"floor_reached":40,"playtime":3864,"items_purged":["Strike_G"],"score":868,"play_id":"7f784ac3-bd78-4202-b9b0-96f4fc874e74","local_time":"20190305112306","is_ascension_mode":true,"campfire_choices":[{"data":"Noxious Fumes","floor":6,"key":"SMITH"},{"floor":8,"key":"REST"},{"data":"Skewer","floor":15,"key":"SMITH"},{"data":"Malaise","floor":23,"key":"SMITH"},{"data":"Blade Dance","floor":27,"key":"SMITH"},{"data":"Acrobatics","floor":32,"key":"SMITH"}],"neow_cost":"NONE","seed_source_timestamp":3222879511254,"circlet_count":0,"master_deck":["AscendersBane","Defend_G+1","Defend_G","Defend_G","Defend_G","Survivor","Neutralize","Noxious Fumes+1","Well Laid Plans","Quick Slash","Poisoned Stab","Skewer+1","Envenom","Malaise+1","Escape Plan","Blade Dance+1","PiercingWail","Deflect","Dash","Acrobatics+1","Decay","Deflect","Quick Slash+1","A Thousand Cuts","Dagger Throw+1","Dagger Throw+1","Skewer+1","Backflip","Catalyst","PiercingWail","Cloak And Dagger+1","PiercingWail+1","Backflip"],"relics":["Ring of the Snake","Darkstone Periapt","Meat on the Bone","MawBank","Coffee Dripper","Kunai","Red Mask","Pantograph","The Courier","Molten Egg 2","Blood Vial","Astrolabe"],"potions_floor_usage":[7,16,24,24,38,40],"damage_taken":[{"damage":7,"enemies":"Jaw Worm","floor":1,"turns":8},{"damage":0,"enemies":"Cultist","floor":4,"turns":4},{"damage":2,"enemies":"2 Louse","floor":5,"turns":4},{"damage":16,"enemies":"3 Sentries","floor":7,"turns":7},{"damage":20,"enemies":"Gremlin Nob","floor":10,"turns":4},{"damage":3,"enemies":"Blue Slaver","floor":11,"turns":4},{"damage":2,"enemies":"Red Slaver","floor":14,"turns":3},{"damage":42,"enemies":"The Guardian","floor":16,"turns":11},{"damage":0,"enemies":"Chosen","floor":18,"turns":5},{"damage":30,"enemies":"Masked Bandits","floor":20,"turns":6},{"damage":16,"enemies":"2 Thieves","floor":21,"turns":4},{"damage":15,"enemies":"Cultist and Chosen","floor":22,"turns":7},{"damage":14,"enemies":"Slavers","floor":24,"turns":7},{"damage":1,"enemies":"Snecko","floor":29,"turns":10},{"damage":12,"enemies":"Book of Stabbing","floor":30,"turns":9},{"damage":16,"enemies":"Automaton","floor":33,"turns":12},{"damage":8,"enemies":"3 Darklings","floor":35,"turns":7},{"damage":0,"enemies":"3 Shapes","floor":37,"turns":10},{"damage":18,"enemies":"Transient","floor":38,"turns":6},{"damage":34,"enemies":"Spire Growth","floor":39,"turns":8},{"damage":40,"enemies":"Reptomancer","floor":40,"turns":3}],"seed_played":"2037861773421406230","potions_obtained":[{"floor":1,"key":"Dexterity Potion"},{"floor":11,"key":"GhostInAJar"},{"floor":14,"key":"GhostInAJar"},{"floor":16,"key":"GhostInAJar"},{"floor":29,"key":"Explosive Potion"},{"floor":30,"key":"SteroidPotion"}],"is_trial":false,"path_per_floor":["M","?","?","M","M","R","E","R","T","E","M","?","?","M","R","B",null,"M","$","?","M","M","R","E","?","T","R","?","M","E","?","R","B",null,"M","$","M","M","M","E"],"character_chosen":"THE_SILENT","items_purchased":["Kunai","Blade Dance","Catalyst","PiercingWail"],"campfire_rested":1,"item_purchase_floors":[19,19,36,36],"current_hp_per_floor":[52,52,52,52,50,50,34,53,53,33,42,47,47,45,45,15,57,57,57,39,35,32,32,30,36,36,36,42,53,53,53,53,64,78,72,72,74,58,38,0],"gold":75,"neow_bonus":"REMOVE_CARD","is_prod":false,"is_daily":false,"chose_seed":false,"campfire_upgraded":5,"win_rate":0,"timestamp":1551813786,"path_taken":["M","?","?","M","M","R","E","R","T","E","?","?","?","M","R","BOSS","M","$","?","M","M","R","E","?","T","R","?","M","E","?","R","BOSS","M","$","M","M","M","E"],"build_version":"2019-02-06","purchased_purges":1,"victory":false,"max_hp_per_floor":[66,66,66,66,66,66,66,66,66,66,66,71,71,71,71,71,71,71,71,71,71,71,71,71,77,77,77,83,83,83,83,83,83,83,83,83,83,83,83,83],"card_choices":[{"not_picked":["Cloak And Dagger","Dagger Throw"],"picked":"Noxious Fumes","floor":1},{"not_picked":["Backflip","Tactician"],"picked":"Flying Knee","floor":4},{"not_picked":["Deflect","Flechettes"],"picked":"Well Laid Plans","floor":5},{"not_picked":["Caltrops","Acrobatics"],"picked":"Quick Slash","floor":7},{"not_picked":["Dagger Throw","Accuracy"],"picked":"Poisoned Stab","floor":10},{"not_picked":["Bane","Outmaneuver"],"picked":"Skewer","floor":11},{"not_picked":["Eviscerate","Distraction"],"picked":"Envenom","floor":14},{"not_picked":["Grand Finale","Storm of Steel"],"picked":"Malaise","floor":16},{"not_picked":["Well Laid Plans","Riddle With Holes"],"picked":"Escape Plan","floor":18},{"not_picked":["Bane","Poisoned Stab"],"picked":"PiercingWail","floor":20},{"not_picked":["Outmaneuver","Underhanded Strike"],"picked":"Deflect","floor":21},{"not_picked":["Flying Knee","Riddle With Holes"],"picked":"Dash","floor":22},{"not_picked":["Venomology","Outmaneuver"],"picked":"Acrobatics","floor":24},{"not_picked":["Poisoned Stab+1","Deadly Poison"],"picked":"Deflect","floor":29},{"not_picked":["Slice+1","Noxious Fumes+1"],"picked":"Quick Slash+1","floor":30},{"not_picked":["Grand Finale+1","Night Terror"],"picked":"A Thousand Cuts","floor":33},{"not_picked":["Expertise","Eviscerate+1"],"picked":"Backflip","floor":35},{"not_picked":["Slice+1","Distraction"],"picked":"Cloak And Dagger+1","floor":37},{"not_picked":["Prepared","Choke+1"],"picked":"PiercingWail+1","floor":38},{"not_picked":["Bane+1","Crippling Poison"],"picked":"Backflip","floor":39}],"player_experience":5032959,"relics_obtained":[{"floor":7,"key":"Darkstone Periapt"},{"floor":10,"key":"Meat on the Bone"},{"floor":20,"key":"Red Mask"},{"floor":24,"key":"Pantograph"},{"floor":26,"key":"Molten Egg 2"},{"floor":30,"key":"Blood Vial"}],"event_choices":[{"damage_healed":0,"gold_gain":0,"player_choice":"Ignored","damage_taken":0,"max_hp_gain":0,"max_hp_loss":0,"event_name":"Liars Game","floor":2,"gold_loss":0},{"cards_removed":["Defend_G"],"damage_healed":0,"gold_gain":0,"player_choice":"Purged","damage_taken":0,"max_hp_gain":0,"max_hp_loss":0,"event_name":"Purifier","floor":3,"gold_loss":0},{"damage_healed":0,"gold_gain":0,"player_choice":"Donut","damage_taken":0,"max_hp_gain":5,"max_hp_loss":0,"event_name":"Big Fish","floor":12,"gold_loss":0},{"cards_removed":["Flying Knee"],"damage_healed":0,"gold_gain":0,"player_choice":"Gave Card","damage_taken":0,"relics_obtained":["MawBank"],"max_hp_gain":0,"max_hp_loss":0,"event_name":"WeMeetAgain","floor":13,"gold_loss":0},{"damage_healed":0,"gold_gain":0,"player_choice":"Fought Bandits","damage_taken":0,"max_hp_gain":0,"max_hp_loss":0,"event_name":"Masked Bandits","floor":20,"gold_loss":0},{"damage_healed":0,"gold_gain":0,"player_choice":"Opened","damage_taken":0,"relics_obtained":["The Courier"],"max_hp_gain":0,"max_hp_loss":0,"event_name":"The Mausoleum","floor":25,"gold_loss":0,"cards_obtained":["Writhe"]},{"damage_healed":0,"gold_gain":0,"player_choice":"Smashed Altar","damage_taken":0,"max_hp_gain":0,"max_hp_loss":0,"event_name":"Forgotten Altar","floor":28,"gold_loss":0,"cards_obtained":["Decay"]},{"cards_removed":["Writhe"],"damage_healed":0,"gold_gain":0,"player_choice":"Upgrade and Remove","damage_taken":0,"max_hp_gain":0,"max_hp_loss":0,"event_name":"Designer","floor":31,"gold_loss":110,"cards_upgraded":["Defend_G"]}],"is_beta":true,"boss_relics":[{"not_picked":["Philosopher\u0027s Stone","Eternal Feather"],"picked":"Coffee Dripper"},{"not_picked":["Busted Crown","Tiny House"],"picked":"Astrolabe"}],"items_purged_floors":[19],"is_endless":false,"potions_floor_spawned":[1,11,14,16,20,22,29,30,33,37],"killed_by":"Reptomancer","ascension_level":20}