{"gold_per_floor":[17,36,36,51,51,51,84,97,97,22,48,48,74,101,101,180,180,193,28,48,60,60,86,86,111,111,111,137,137,412,121,121,193,193,203,218,266,277,277,311,172,172,172,203,219,251,351,368,368,368,368,368,368,78,111,111],"floor_reached":56,"playtime":3424,"items_purged":["Strike_R","Regret","Strike_R","Anger"],"score":2118,"play_id":"15401353-b0c0-4fa6-b278-6e9ad1ba573f","local_time":"20190303162740","is_ascension_mode":true,"campfire_choices":[{"data":"Bash","floor":6,"key":"SMITH"},{"data":"Metallicize","floor":12,"key":"SMITH"},{"data":"Immolate","floor":15,"key":"SMITH"},{"data":"Demon Form","floor":24,"key":"SMITH"},{"data":"Uppercut","floor":27,"key":"SMITH"},{"data":"Flame Barrier","floor":32,"key":"SMITH"},{"data":"Demon Form","floor":42,"key":"SMITH"},{"floor":49,"key":"RECALL"},{"data":"Limit Break","floor":53,"key":"SMITH"}],"neow_cost":"NO_GOLD","seed_source_timestamp":15611240755852,"circlet_count":0,"master_deck":["AscendersBane","Strike_R","Strike_R","Defend_R","Defend_R","Defend_R","Defend_R","Bash+1","Immolate+1","Impervious","Metallicize+1","Uppercut+1","Reaper","Clothesline","Flame Barrier+1","Immolate","Demon Form+1","Apotheosis","Demon Form+1","Evolve+1","Hemokinesis","Corruption","Normality","Limit Break+1","Heavy Blade","Uppercut+1","Power Through","Dual Wield","Sword Boomerang"],"relics":["Burning Blood","Mercury Hourglass","Strawberry","Ornamental Fan","Bottled Tornado","Magic Flower","Odd Mushroom","Snecko Eye","Anchor","Bottled Lightning","Bronze Scales","Prayer Wheel","Kunai","Cursed Key","StoneCalendar","Smiling Mask","Du-Vu Doll","Pear","Unceasing Top","Centennial Puzzle","Lantern"],"potions_floor_usage":[11,13,37,56,56],"damage_taken":[{"damage":0,"enemies":"Cultist","floor":1,"turns":2},{"damage":7,"enemies":"2 Louse","floor":2,"turns":3},{"damage":2,"enemies":"Jaw Worm","floor":4,"turns":2},{"damage":10,"enemies":"3 Sentries","floor":7,"turns":3},{"damage":5,"enemies":"Looter","floor":8,"turns":4},{"damage":28,"enemies":"Lagavulin","floor":11,"turns":7},{"damage":0,"enemies":"Gremlin Nob","floor":13,"turns":4},{"damage":0,"enemies":"The Mushroom Lair","floor":14,"turns":2},{"damage":35,"enemies":"Slime Boss","floor":16,"turns":10},{"damage":14,"enemies":"Chosen","floor":18,"turns":4},{"damage":0,"enemies":"3 Byrds","floor":20,"turns":3},{"damage":0,"enemies":"Centurion and Healer","floor":21,"turns":4},{"damage":13,"enemies":"Gremlin Leader","floor":23,"turns":7},{"damage":12,"enemies":"Book of Stabbing","floor":25,"turns":5},{"damage":32,"enemies":"Slavers","floor":28,"turns":4},{"damage":48,"enemies":"Automaton","floor":33,"turns":9},{"damage":24,"enemies":"3 Darklings","floor":35,"turns":3},{"damage":8,"enemies":"3 Shapes","floor":36,"turns":6},{"damage":39,"enemies":"2 Orb Walkers","floor":37,"turns":3},{"damage":21,"enemies":"Writhing Mass","floor":38,"turns":7},{"damage":62,"enemies":"Giant Head","floor":40,"turns":7},{"damage":49,"enemies":"Reptomancer","floor":44,"turns":5},{"damage":19,"enemies":"Maw","floor":45,"turns":6},{"damage":30,"enemies":"Giant Head","floor":46,"turns":6},{"damage":16,"enemies":"Mind Bloom Boss Battle","floor":47,"turns":4},{"damage":52,"enemies":"Spire Growth","floor":48,"turns":5},{"damage":89,"enemies":"Donu and Deca","floor":50,"turns":7},{"damage":17,"enemies":"Time Eater","floor":51,"turns":6},{"damage":79,"enemies":"Shield and Spear","floor":55,"turns":6},{"damage":92,"enemies":"The Heart","floor":56,"turns":5}],"seed_played":"5174453610591755267","potions_obtained":[{"floor":1,"key":"BloodPotion"},{"floor":4,"key":"FearPotion"},{"floor":11,"key":"AttackPotion"},{"floor":14,"key":"Fire Potion"},{"floor":16,"key":"LiquidBronze"},{"floor":33,"key":"Energy Potion"},{"floor":46,"key":"Dexterity Potion"}],"is_trial":false,"path_per_floor":["M","M","T","M","?","R","E","M","T","$","E","R","E","?","R","B",null,"M","$","M","M","?","E","R","E","T","R","E","?","?","$","R","B",null,"M","M","?","M","?","E","$","R","T","E","M","E","?","M","R","B","B",null,"R","$","E","B"],"character_chosen":"IRONCLAD","items_purchased":["Anchor","Apotheosis","Corruption","Dual Wield","Centennial Puzzle"],"campfire_rested":0,"item_purchase_floors":[19,31,41,54,54],"current_hp_per_floor":[74,73,73,75,80,80,83,84,84,84,70,70,76,85,85,59,80,82,82,87,87,87,83,83,87,87,87,82,82,82,82,82,73,84,87,87,57,75,75,67,67,67,67,65,87,97,97,95,95,97,97,97,97,97,92,0],"gold":111,"neow_bonus":"THREE_RARE_CARDS","is_prod":false,"is_daily":false,"chose_seed":false,"campfire_upgraded":8,"win_rate":0,"timestamp":1551659260,"path_taken":["M","M","?","?","?","R","E","M","T","?","E","R","E","?","R","BOSS","M","$","M","M","?","E","R","E","T","R","E","?","?","$","R","BOSS","M","M","?","M","?","E","?","R","T","E","M","E","?","M","R","BOSS","BOSS","R","$","E","BOSS"],"build_version":"2019-02-06","purchased_purges":4,"victory":false,"max_hp_per_floor":[75,75,75,75,80,80,87,87,87,87,87,87,87,87,87,87,87,87,87,87,87,87,87,87,87,87,87,87,87,87,87,87,87,87,87,87,87,87,87,87,87,87,87,87,87,97,97,97,97,97,97,97,97,97,97,97],"card_choices":[{"not_picked":["Offering","Impervious"],"picked":"Immolate","floor":0},{"not_picked":["Infernal Blade","Searing Blow","Ghostly Armor"],"picked":"SKIP","floor":1},{"not_picked":["Searing Blow","Havoc"],"picked":"Anger","floor":2},{"not_picked":["Heavy Blade","Pommel Strike","Anger"],"picked":"SKIP","floor":4},{"not_picked":["Heavy Blade","Blood for Blood"],"picked":"Impervious","floor":7},{"not_picked":["Flex","Body Slam"],"picked":"Metallicize","floor":8},{"not_picked":["Pommel Strike","Intimidate"],"picked":"Uppercut","floor":11},{"not_picked":["Twin Strike","Body Slam","Iron Wave"],"picked":"SKIP","floor":13},{"not_picked":["Juggernaut","Feed"],"picked":"Reaper","floor":16},{"not_picked":["Anger+1","Shrug It Off"],"picked":"Clothesline","floor":18},{"not_picked":["Flex","Shrug It Off"],"picked":"Flame Barrier","floor":20},{"not_picked":["Body Slam","Anger"],"picked":"Immolate","floor":21},{"not_picked":["Sentinel+1","Heavy Blade"],"picked":"Demon Form","floor":23},{"not_picked":["Whirlwind","Warcry","Clash"],"picked":"SKIP","floor":25},{"not_picked":["Brutality","Clash","Infernal Blade"],"picked":"SKIP","floor":28},{"not_picked":["Brutality","Clash","Infernal Blade"],"picked":"SKIP","floor":28},{"not_picked":["Brutality","Clash","Infernal Blade"],"picked":"SKIP","floor":28},{"not_picked":["Offering","Feed"],"picked":"Demon Form","floor":33},{"not_picked":["Twin Strike","Wild Strike"],"picked":"Evolve+1","floor":35},{"not_picked":["Whirlwind","Iron Wave","Sword Boomerang"],"picked":"SKIP","floor":35},{"not_picked":["Ghostly Armor","Headbutt"],"picked":"Hemokinesis","floor":36},{"not_picked":["True Grit","Blood for Blood+1","Sentinel"],"picked":"SKIP","floor":36},{"not_picked":["Clothesline","Seeing Red","Intimidate+1"],"picked":"SKIP","floor":38},{"not_picked":["Perfected Strike","Second Wind+1","Twin Strike"],"picked":"SKIP","floor":38},{"not_picked":["Warcry","Twin Strike","Havoc"],"picked":"SKIP","floor":40},{"not_picked":["Headbutt+1","Entrench","Carnage"],"picked":"SKIP","floor":44},{"not_picked":["Shockwave","Perfected Strike"],"picked":"Limit Break","floor":45},{"not_picked":["Seeing Red","Twin Strike","Iron Wave+1"],"picked":"SKIP","floor":45},{"not_picked":["Armaments","Infernal Blade"],"picked":"Heavy Blade","floor":46},{"not_picked":["Clash","Shockwave"],"picked":"Uppercut+1","floor":47},{"not_picked":["Havoc","Flex"],"picked":"Power Through","floor":48},{"not_picked":["Twin Strike","Battle Trance","Uppercut"],"picked":"SKIP","floor":48},{"not_picked":["Perfected Strike","Anger"],"picked":"Sword Boomerang","floor":55}],"player_experience":5026645,"relics_obtained":[{"floor":3,"key":"Mercury Hourglass"},{"floor":7,"key":"Strawberry"},{"floor":9,"key":"Ornamental Fan"},{"floor":11,"key":"Bottled Tornado"},{"floor":13,"key":"Magic Flower"},{"floor":14,"key":"Odd Mushroom"},{"floor":23,"key":"Bottled Lightning"},{"floor":25,"key":"Bronze Scales"},{"floor":26,"key":"Prayer Wheel"},{"floor":28,"key":"Kunai"},{"floor":37,"key":"StoneCalendar"},{"floor":40,"key":"Smiling Mask"},{"floor":44,"key":"Du-Vu Doll"},{"floor":46,"key":"Pear"},{"floor":47,"key":"Unceasing Top"},{"floor":55,"key":"Lantern"}],"event_choices":[{"damage_healed":0,"gold_gain":0,"player_choice":"Donut","damage_taken":0,"max_hp_gain":5,"max_hp_loss":0,"event_name":"Big Fish","floor":5,"gold_loss":0},{"damage_healed":0,"gold_gain":0,"player_choice":"Fought Mushrooms","damage_taken":0,"max_hp_gain":0,"max_hp_loss":0,"event_name":"Mushrooms","floor":14,"gold_loss":0},{"damage_healed":0,"gold_gain":0,"player_choice":"Ignored","damage_taken":0,"max_hp_gain":0,"max_hp_loss":0,"event_name":"Ghosts","floor":29,"gold_loss":0},{"damage_healed":0,"gold_gain":275,"player_choice":"Desecrate","damage_taken":0,"max_hp_gain":0,"max_hp_loss":0,"event_name":"Golden Shrine","floor":30,"gold_loss":0,"cards_obtained":["Regret"]},{"damage_healed":0,"gold_gain":0,"player_choice":"Fight","damage_taken":0,"max_hp_gain":0,"max_hp_loss":0,"event_name":"Mysterious Sphere","floor":37,"gold_loss":0},{"cards_removed":["Strike_R"],"damage_healed":0,"gold_gain":0,"player_choice":"Removed Attack","damage_taken":0,"max_hp_gain":0,"max_hp_loss":0,"event_name":"Falling","floor":39,"gold_loss":0},{"damage_healed":0,"gold_gain":0,"player_choice":"Fight","damage_taken":0,"max_hp_gain":0,"max_hp_loss":0,"event_name":"MindBloom","floor":47,"gold_loss":0}],"is_beta":true,"boss_relics":[{"not_picked":["Black Blood","Busted Crown"],"picked":"Snecko Eye"},{"not_picked":["Runic Dome","Philosopher\u0027s Stone"],"picked":"Cursed Key"}],"items_purged_floors":[10,31,41,54],"is_endless":false,"potions_floor_spawned":[1,4,11,14,16,18,20,33,36,46,47],"killed_by":"The Heart","ascension_level":20}