{"gold_per_floor":[110,110,127,52,68,99,111,140,140,140,201,226,226,261,261,333,333,305,325,325,341,356,382,382,16,16,77,77,111,111,127,127,127],"floor_reached":33,"playtime":2496,"items_purged":["Strike_B","Strike_B"],"score":716,"play_id":"916737ec-1d7c-4832-a4e3-0b1730232882","local_time":"20190305120510","is_ascension_mode":true,"campfire_choices":[{"floor":10,"key":"REST"},{"floor":13,"key":"REST"},{"data":"Coolheaded","floor":15,"key":"SMITH"},{"floor":24,"key":"REST"},{"data":"The Bomb","floor":28,"key":"SMITH"},{"data":"Capacitor","floor":30,"key":"SMITH"},{"floor":32,"key":"REST"}],"neow_cost":"NONE","seed_source_timestamp":7113554898315,"circlet_count":0,"master_deck":["AscendersBane","Strike_B","Strike_B+1","Defend_B","Defend_B+1","Defend_B","Defend_B+1","Zap+1","Dualcast","Sweeping Beam","Steam","Genetic Algorithm","Self Repair","Coolheaded+1","Barrage","Loop+1","Conserve Battery+1","Hologram","Doom and Gloom","The Bomb+1","Capacitor+1","Compile Driver"],"relics":["Cracked Core","DataDisk","Vajra","Sundial","Singing Bowl","Shuriken","Dodecahedron","Snecko Eye","Lantern","Potion Belt","Tiny Chest","War Paint"],"potions_floor_usage":[6,11,16,23,23,27,29],"damage_taken":[{"damage":7,"enemies":"Jaw Worm","floor":1,"turns":3},{"damage":0,"enemies":"Cultist","floor":3,"turns":3},{"damage":0,"enemies":"2 Louse","floor":5,"turns":2},{"damage":10,"enemies":"3 Sentries","floor":6,"turns":6},{"damage":1,"enemies":"Looter","floor":7,"turns":3},{"damage":38,"enemies":"Gremlin Nob","floor":8,"turns":4},{"damage":5,"enemies":"3 Sentries","floor":11,"turns":4},{"damage":10,"enemies":"3 Sentries","floor":12,"turns":6},{"damage":8,"enemies":"Lagavulin","floor":14,"turns":6},{"damage":20,"enemies":"Slime Boss","floor":16,"turns":10},{"damage":16,"enemies":"2 Thieves","floor":18,"turns":4},{"damage":2,"enemies":"Spheric Guardian","floor":19,"turns":5},{"damage":21,"enemies":"Centurion and Healer","floor":21,"turns":7},{"damage":0,"enemies":"Snecko","floor":22,"turns":4},{"damage":42,"enemies":"Book of Stabbing","floor":23,"turns":6},{"damage":12,"enemies":"Slavers","floor":27,"turns":4},{"damage":0,"enemies":"Gremlin Leader","floor":29,"turns":4},{"damage":14,"enemies":"Cultist and Chosen","floor":31,"turns":7},{"damage":65,"enemies":"Champ","floor":33,"turns":8}],"seed_played":"-4911341901903788265","potions_obtained":[{"floor":1,"key":"AttackPotion"},{"floor":3,"key":"Explosive Potion"},{"floor":14,"key":"FocusPotion"},{"floor":16,"key":"Strength Potion"},{"floor":18,"key":"Weak Potion"},{"floor":23,"key":"AttackPotion"},{"floor":31,"key":"Explosive Potion"}],"is_trial":false,"path_per_floor":["M","?","M","$","M","E","M","E","T","R","?","E","R","E","R","B",null,"M","M","?","M","M","E","R","$","T","E","R","E","R","M","R","B"],"character_chosen":"DEFECT","items_purchased":["The Bomb","Weak Potion"],"campfire_rested":4,"item_purchase_floors":[25,25],"current_hp_per_floor":[57,57,57,57,57,47,46,8,8,29,31,30,51,50,50,39,66,59,64,64,50,57,22,45,45,45,42,42,49,49,42,65,0],"gold":127,"neow_bonus":"UPGRADE_CARD","is_prod":false,"is_daily":false,"chose_seed":false,"campfire_upgraded":3,"win_rate":0,"timestamp":1551816310,"path_taken":["M","?","?","$","M","E","M","E","T","R","?","E","R","E","R","BOSS","M","M","?","M","M","E","R","$","T","E","R","E","R","M","R","BOSS"],"build_version":"2019-02-06","purchased_purges":2,"victory":false,"max_hp_per_floor":[71,71,71,71,71,71,71,71,71,71,71,73,73,73,73,75,75,77,77,77,77,77,77,77,77,77,79,79,79,79,79,79,79],"card_choices":[{"not_picked":["Force Field","Streamline","Aggregate"],"picked":"SKIP","floor":1},{"not_picked":["Stack","Streamline"],"picked":"Sweeping Beam","floor":3},{"not_picked":["Turbo","Reprogram"],"picked":"Steam","floor":5},{"not_picked":["Hologram","Rebound"],"picked":"Gash","floor":6},{"not_picked":["Lockon","Streamline"],"picked":"Genetic Algorithm","floor":7},{"not_picked":["Gash","Sunder"],"picked":"Self Repair","floor":8},{"not_picked":["Thunder Strike","Rebound"],"picked":"Coolheaded","floor":11},{"not_picked":["Redo","Tempest","Auto Shields"],"picked":"Singing Bowl","floor":12},{"not_picked":["Force Field","Steam Power"],"picked":"Barrage","floor":14},{"not_picked":["Machine Learning","Buffer","Meteor Strike"],"picked":"Singing Bowl","floor":16},{"not_picked":["Rebound","Scrape","Stack"],"picked":"Singing Bowl","floor":18},{"not_picked":["FTL","Redo"],"picked":"Loop+1","floor":19},{"not_picked":["Coolheaded","Chaos"],"picked":"Conserve Battery+1","floor":21},{"not_picked":["Redo","Turbo"],"picked":"Hologram","floor":22},{"not_picked":["Tempest","Go for the Eyes"],"picked":"Doom and Gloom","floor":23},{"not_picked":["Hyperbeam","Stack+1","Double Energy"],"picked":"Singing Bowl","floor":27},{"not_picked":["Sweeping Beam","Hello World"],"picked":"Capacitor","floor":29},{"not_picked":["Conserve Battery","White Noise"],"picked":"Compile Driver","floor":31}],"player_experience":5036823,"relics_obtained":[{"floor":6,"key":"DataDisk"},{"floor":8,"key":"Vajra"},{"floor":9,"key":"Sundial"},{"floor":11,"key":"Singing Bowl"},{"floor":12,"key":"Shuriken"},{"floor":14,"key":"Dodecahedron"},{"floor":23,"key":"Lantern"},{"floor":26,"key":"Potion Belt"},{"floor":27,"key":"Tiny Chest"},{"floor":29,"key":"War Paint"}],"event_choices":[{"damage_healed":0,"gold_gain":0,"player_choice":"Upgraded","damage_taken":0,"max_hp_gain":0,"max_hp_loss":0,"event_name":"Upgrade Shrine","floor":2,"gold_loss":0,"cards_upgraded":["Strike_B"]},{"damage_healed":0,"gold_gain":0,"player_choice":"Searched \u00272\u0027 times","damage_taken":0,"max_hp_gain":0,"max_hp_loss":0,"event_name":"Dead Adventurer","floor":11,"gold_loss":0},{"cards_removed":["Gash"],"damage_healed":0,"gold_gain":0,"player_choice":"Purged","damage_taken":0,"max_hp_gain":0,"max_hp_loss":0,"event_name":"Purifier","floor":20,"gold_loss":0}],"is_beta":true,"boss_relics":[{"not_picked":["FrozenCore","Tiny House"],"picked":"Snecko Eye"}],"items_purged_floors":[4,25],"is_endless":false,"potions_floor_spawned":[1,3,14,16,18,19,23,31],"killed_by":"Champ","ascension_level":20}