{"gold_per_floor":[110,110,110,128,128,128,128,143,217,240,283,302,302,345,345,345],"floor_reached":16,"playtime":933,"items_purged":[],"score":240,"play_id":"83be2ea7-b2c0-439f-9ba6-88aed56cc133","local_time":"20190307143733","is_ascension_mode":true,"campfire_choices":[{"data":"Lockon","floor":6,"key":"SMITH"},{"floor":13,"key":"REST"},{"floor":15,"key":"REST"}],"neow_cost":"NONE","seed_source_timestamp":83757699042645,"circlet_count":0,"master_deck":["AscendersBane","Strike_B","Strike_B","Strike_B","Strike_B","Defend_B","Defend_B","Defend_B","Defend_B+1","Zap+1","Dualcast","Lockon+1","BootSequence","White Noise","Compile Driver","FTL","Glacier","Coolheaded"],"relics":["Cracked Core","Juzu Bracelet","Golden Idol","Happy Flower","Smiling Mask","Calipers"],"potions_floor_usage":[7,14,16],"damage_taken":[{"damage":1,"enemies":"2 Louse","floor":1,"turns":3},{"damage":0,"enemies":"Small Slimes","floor":4,"turns":2},{"damage":0,"enemies":"Gremlin Nob","floor":7,"turns":2},{"damage":1,"enemies":"Cultist","floor":8,"turns":4},{"damage":12,"enemies":"Lots of Slimes","floor":10,"turns":4},{"damage":17,"enemies":"3 Sentries","floor":11,"turns":7},{"damage":5,"enemies":"Blue Slaver","floor":12,"turns":3},{"damage":22,"enemies":"Gremlin Nob","floor":14,"turns":4},{"damage":23,"enemies":"The Guardian","floor":16,"turns":9}],"seed_played":"7363784768255753210","potions_obtained":[{"floor":1,"key":"SmokeBomb"},{"floor":12,"key":"PowerPotion"},{"floor":14,"key":"GamblersBrew"}],"is_trial":false,"path_per_floor":["M","?","?","M","?","R","E","M","T","M","E","M","R","E","R","B"],"character_chosen":"DEFECT","items_purchased":[],"campfire_rested":2,"item_purchase_floors":[],"current_hp_per_floor":[63,63,44,44,39,39,39,38,38,26,9,4,23,1,20,0],"gold":345,"neow_bonus":"RANDOM_COMMON_RELIC","is_prod":false,"is_daily":false,"chose_seed":false,"campfire_upgraded":1,"win_rate":0,"timestamp":1551998253,"path_taken":["M","?","?","M","?","R","E","M","T","M","E","M","R","E","R","BOSS"],"build_version":"2019-02-06","purchased_purges":0,"victory":false,"max_hp_per_floor":[71,64,64,64,64,64,64,64,64,64,64,64,64,64,64,64],"card_choices":[{"not_picked":["Skim","Streamline"],"picked":"Lockon","floor":1},{"not_picked":["Cold Snap","Go for the Eyes"],"picked":"BootSequence","floor":4},{"not_picked":["Loop","Sweeping Beam"],"picked":"White Noise","floor":8},{"not_picked":["Stack","Steam"],"picked":"Compile Driver","floor":10},{"not_picked":["Barrage","Cold Snap"],"picked":"FTL","floor":11},{"not_picked":["Gash","Barrage"],"picked":"Glacier","floor":12},{"not_picked":["Rip and Tear","Fission"],"picked":"Coolheaded","floor":14}],"player_experience":5079241,"relics_obtained":[{"floor":11,"key":"Smiling Mask"},{"floor":14,"key":"Calipers"}],"event_choices":[{"damage_healed":0,"gold_gain":0,"player_choice":"Lose Max HP","damage_taken":0,"relics_obtained":["Golden Idol"],"max_hp_gain":0,"max_hp_loss":7,"event_name":"Golden Idol","floor":2,"gold_loss":0},{"damage_healed":0,"gold_gain":0,"player_choice":"Entered Light","damage_taken":19,"max_hp_gain":0,"max_hp_loss":0,"event_name":"Shining Light","floor":3,"gold_loss":0,"cards_upgraded":["Defend_B","Zap"]},{"damage_healed":0,"gold_gain":0,"player_choice":"Success","damage_taken":5,"relics_obtained":["Happy Flower"],"max_hp_gain":0,"max_hp_loss":0,"event_name":"Scrap Ooze","floor":5,"gold_loss":0}],"is_beta":true,"boss_relics":[],"items_purged_floors":[],"is_endless":false,"potions_floor_spawned":[1,7,12,14],"killed_by":"The Guardian","ascension_level":20}