{"gold_per_floor":[209,220,235,248,262,262,294,294,294,315,315,315,358,10,10,10],"floor_reached":16,"playtime":1228,"items_purged":["Strike_G"],"score":224,"play_id":"a2798eef-a87c-472f-906d-87f4418c715c","local_time":"20190301150637","is_ascension_mode":true,"campfire_choices":[{"floor":6,"key":"REST"},{"floor":11,"key":"REST"},{"floor":15,"key":"REST"}],"neow_cost":"NONE","seed_source_timestamp":20719219987199,"circlet_count":0,"master_deck":["AscendersBane","Defend_G","Defend_G","Defend_G","Defend_G","Defend_G","Strike_G","Strike_G","Strike_G","Strike_G","Survivor","Neutralize","Dagger Throw","Backstab","Noxious Fumes+1","Cloak And Dagger","PiercingWail","Dagger Spray","PiercingWail"],"relics":["Ring of the Snake","Boot","Golden Idol","Frozen Egg 2","Regal Pillow","Mummified Hand"],"potions_floor_usage":[5,7,16],"damage_taken":[{"damage":14,"enemies":"Cultist","floor":1,"turns":6},{"damage":6,"enemies":"Small Slimes","floor":2,"turns":5},{"damage":1,"enemies":"2 Louse","floor":3,"turns":4},{"damage":14,"enemies":"Large Slime","floor":4,"turns":11},{"damage":0,"enemies":"3 Louse","floor":5,"turns":2},{"damage":30,"enemies":"Gremlin Nob","floor":7,"turns":4},{"damage":1,"enemies":"Red Slaver","floor":10,"turns":4},{"damage":13,"enemies":"Lagavulin","floor":13,"turns":6},{"damage":56,"enemies":"Slime Boss","floor":16,"turns":10}],"seed_played":"-8560047695314128197","potions_obtained":[{"floor":2,"key":"AttackPotion"},{"floor":4,"key":"Poison Potion"},{"floor":10,"key":"Block Potion"},{"floor":13,"key":"Weak Potion"}],"is_trial":false,"path_per_floor":["M","M","M","M","M","R","E","?","T","M","R","?","E","$","R","B"],"character_chosen":"THE_SILENT","items_purchased":["Mummified Hand"],"campfire_rested":3,"item_purchase_floors":[14],"current_hp_per_floor":[45,39,38,24,24,43,13,13,13,12,30,30,17,17,50,0],"gold":10,"neow_bonus":"HUNDRED_GOLD","is_prod":false,"is_daily":false,"chose_seed":false,"campfire_upgraded":0,"win_rate":0,"timestamp":1551481597,"path_taken":["M","M","M","?","M","R","E","?","T","M","R","?","E","$","R","BOSS"],"build_version":"2019-02-06","purchased_purges":1,"victory":false,"max_hp_per_floor":[66,66,66,66,66,66,66,60,60,60,60,60,60,60,60,60],"card_choices":[{"not_picked":["Acrobatics","Outmaneuver","Bane"],"picked":"SKIP","floor":1},{"not_picked":["Underhanded Strike","Deflect"],"picked":"Dagger Throw","floor":2},{"not_picked":["Expertise","Concentrate"],"picked":"Backstab","floor":3},{"not_picked":["Blade Dance","Tools of the Trade"],"picked":"Noxious Fumes","floor":4},{"not_picked":["Outmaneuver","Underhanded Strike"],"picked":"Cloak And Dagger","floor":5},{"not_picked":["Quick Slash","Blade Dance"],"picked":"PiercingWail","floor":7},{"not_picked":["Sucker Punch","Predator"],"picked":"Dagger Spray","floor":10},{"not_picked":["Sucker Punch","Finisher"],"picked":"PiercingWail","floor":13}],"player_experience":4988637,"relics_obtained":[{"floor":7,"key":"Boot"},{"floor":9,"key":"Frozen Egg 2"},{"floor":13,"key":"Regal Pillow"}],"event_choices":[{"damage_healed":0,"gold_gain":0,"player_choice":"Lose Max HP","damage_taken":0,"relics_obtained":["Golden Idol"],"max_hp_gain":0,"max_hp_loss":6,"event_name":"Golden Idol","floor":8,"gold_loss":0},{"damage_healed":0,"gold_gain":0,"player_choice":"Grow","damage_taken":0,"max_hp_gain":0,"max_hp_loss":0,"event_name":"Living Wall","floor":12,"gold_loss":0,"cards_upgraded":["Noxious Fumes"]}],"is_beta":true,"boss_relics":[],"items_purged_floors":[14],"is_endless":false,"potions_floor_spawned":[2,4,10,13],"killed_by":"Slime Boss","ascension_level":20}