{"gold_per_floor":[116,55,74,74,84,84,113,113,113,144,159,159,159,169,169,169],"floor_reached":16,"playtime":623,"items_purged":[],"score":220,"play_id":"dec67301-acdd-4c26-9cca-e966c927ecd1","local_time":"20190310130846","is_ascension_mode":true,"campfire_choices":[{"data":"Corpse Explosion","floor":6,"key":"SMITH"},{"floor":8,"key":"REST"},{"data":"1","floor":12,"key":"LIFT"},{"data":"2","floor":15,"key":"LIFT"}],"neow_cost":"NONE","seed_source_timestamp":334340901852723,"circlet_count":0,"master_deck":["AscendersBane","Defend_G","Defend_G","Defend_G","Defend_G","Defend_G","Strike_G","Strike_G","Strike_G","Strike_G","Strike_G","Survivor","Neutralize","Corpse Explosion+1","Poisoned Stab","Decay","Blur","Blade Dance+1","Crippling Poison+1"],"relics":["Ring of the Snake","Darkstone Periapt","Toxic Egg 2","Girya"],"potions_floor_usage":[7,16],"damage_taken":[{"damage":1,"enemies":"Cultist","floor":1,"turns":4},{"damage":0,"enemies":"Jaw Worm","floor":3,"turns":5},{"damage":10,"enemies":"Small Slimes","floor":5,"turns":4},{"damage":26,"enemies":"Gremlin Nob","floor":7,"turns":5},{"damage":12,"enemies":"3 Sentries","floor":10,"turns":2},{"damage":10,"enemies":"Blue Slaver","floor":11,"turns":4},{"damage":0,"enemies":"Red Slaver","floor":14,"turns":3},{"damage":22,"enemies":"Hexaghost","floor":16,"turns":9}],"seed_played":"2065970920400449507","potions_obtained":[{"floor":5,"key":"GhostInAJar"},{"floor":10,"key":"Ancient Potion"},{"floor":14,"key":"Weak Potion"}],"is_trial":false,"path_per_floor":["M","?","M","?","M","R","E","R","T","E","M","R","?","M","R","B"],"character_chosen":"THE_SILENT","items_purchased":[],"campfire_rested":1,"item_purchase_floors":[],"current_hp_per_floor":[58,58,58,58,48,48,22,41,41,29,19,19,19,19,19,0],"gold":169,"neow_bonus":"ONE_RANDOM_RARE_CARD","is_prod":false,"is_daily":false,"chose_seed":false,"campfire_upgraded":1,"win_rate":0,"timestamp":1552248526,"path_taken":["M","?","M","?","?","R","E","R","T","E","M","R","?","M","R","BOSS"],"build_version":"2019-02-06","purchased_purges":0,"victory":false,"max_hp_per_floor":[66,66,66,66,66,66,66,66,66,66,66,66,66,66,66,66],"card_choices":[{"not_picked":["Acrobatics","Flechettes","Dodge and Roll"],"picked":"SKIP","floor":1},{"not_picked":["Dagger Throw","Acrobatics"],"picked":"Poisoned Stab","floor":3},{"not_picked":["Finisher","Flechettes","Blade Dance"],"picked":"SKIP","floor":5},{"not_picked":["Slice","Blade Dance"],"picked":"Blur","floor":7},{"not_picked":["Slice","Dagger Spray"],"picked":"Blade Dance+1","floor":10},{"not_picked":["Flying Knee","Poisoned Stab","Concentrate+1"],"picked":"SKIP","floor":11},{"not_picked":["Acrobatics+1","Footwork"],"picked":"Crippling Poison+1","floor":14}],"player_experience":5118301,"relics_obtained":[{"floor":7,"key":"Darkstone Periapt"},{"floor":9,"key":"Toxic Egg 2"},{"floor":10,"key":"Girya"}],"event_choices":[{"damage_healed":0,"gold_gain":0,"player_choice":"Left Gold","damage_taken":0,"max_hp_gain":0,"max_hp_loss":0,"event_name":"World of Goop","floor":2,"gold_loss":61},{"damage_healed":0,"gold_gain":0,"player_choice":"Cursed","damage_taken":0,"max_hp_gain":0,"max_hp_loss":0,"event_name":"Wheel of Change","floor":4,"gold_loss":0,"cards_obtained":["Decay"]},{"damage_healed":0,"gold_gain":0,"player_choice":"Ignored","damage_taken":0,"max_hp_gain":0,"max_hp_loss":0,"event_name":"Shining Light","floor":13,"gold_loss":0}],"is_beta":true,"boss_relics":[],"items_purged_floors":[],"is_endless":false,"potions_floor_spawned":[5,10,14],"killed_by":"Hexaghost","ascension_level":20}