{"gold_per_floor":[114,164,179,195,160,160,195,195,195,229,229,257,274,289,289,363,363,376,376,392,261,536,536,562,582,582,582,611,626,67,81,81,152,152,166,166,266,266,280,280,315,315,342,342,292,317,43,76,76,76,76,76,76,17,42,42],"floor_reached":57,"playtime":4908,"items_purged":["Strike_B","Strike_B"],"score":3113,"play_id":"58ecb7e6-b23a-4bdb-9749-8dd1670a81a5","local_time":"20190310175435","is_ascension_mode":true,"campfire_choices":[{"data":"Rebound","floor":6,"key":"SMITH"},{"floor":8,"key":"REST"},{"floor":11,"key":"REST"},{"data":"Electrodynamics","floor":15,"key":"SMITH"},{"floor":23,"key":"REST"},{"floor":27,"key":"REST"},{"floor":32,"key":"REST"},{"floor":40,"key":"REST"},{"floor":42,"key":"RECALL"},{"data":"1","floor":44,"key":"LIFT"},{"data":"2","floor":49,"key":"LIFT"},{"data":"3","floor":53,"key":"LIFT"}],"neow_cost":"NONE","seed_source_timestamp":347170448763986,"circlet_count":0,"master_deck":["AscendersBane","Strike_B","Strike_B","Defend_B","Defend_B","Defend_B","Defend_B","Zap+1","Dualcast","Leap","Coolheaded","Rebound+1","Gash","Glacier","Genetic Algorithm","Electrodynamics+1","Fission","Undo+1","Static Discharge","Fission+1","Darkness+1","Echo Form","Capacitor+1","Glacier+1","Hologram+1","Gash","Barrage","Seek+1"],"relics":["Cracked Core","Orichalcum","Omamori","Calipers","Incense Burner","Fusion Hammer","Emotion Chip","Toxic Egg 2","Lantern","Letter Opener","Bronze Scales","Strange Spoon","Sozu","Ice Cream","Girya","Strawberry","PreservedInsect","Frozen Eye","StoneCalendar","Cables"],"potions_floor_usage":[16,16,28,33,56,56],"damage_taken":[{"damage":2,"enemies":"Cultist","floor":1,"turns":4},{"damage":4,"enemies":"Small Slimes","floor":3,"turns":3},{"damage":4,"enemies":"Jaw Worm","floor":4,"turns":4},{"damage":49,"enemies":"Gremlin Nob","floor":7,"turns":6},{"damage":13,"enemies":"3 Sentries","floor":10,"turns":11},{"damage":20,"enemies":"Lagavulin","floor":12,"turns":8},{"damage":0,"enemies":"Blue Slaver","floor":13,"turns":5},{"damage":0,"enemies":"3 Louse","floor":14,"turns":3},{"damage":13,"enemies":"Hexaghost","floor":16,"turns":10},{"damage":21,"enemies":"3 Byrds","floor":18,"turns":4},{"damage":0,"enemies":"Spheric Guardian","floor":20,"turns":3},{"damage":24,"enemies":"Slavers","floor":24,"turns":2},{"damage":2,"enemies":"Snecko","floor":25,"turns":5},{"damage":34,"enemies":"Book of Stabbing","floor":28,"turns":7},{"damage":3,"enemies":"Sentry and Sphere","floor":29,"turns":6},{"damage":2,"enemies":"3 Cultists","floor":31,"turns":5},{"damage":17,"enemies":"Champ","floor":33,"turns":16},{"damage":1,"enemies":"Orb Walker","floor":35,"turns":3},{"damage":0,"enemies":"Mind Bloom Boss Battle","floor":37,"turns":7},{"damage":4,"enemies":"3 Shapes","floor":39,"turns":7},{"damage":0,"enemies":"Nemesis","floor":41,"turns":11},{"damage":0,"enemies":"Giant Head","floor":46,"turns":11},{"damage":0,"enemies":"Reptomancer","floor":48,"turns":7},{"damage":0,"enemies":"Donu and Deca","floor":50,"turns":12},{"damage":0,"enemies":"Awakened One","floor":51,"turns":18},{"damage":0,"enemies":"Shield and Spear","floor":55,"turns":6},{"damage":12,"enemies":"The Heart","floor":56,"turns":9}],"seed_played":"-6158874500470725007","potions_obtained":[{"floor":4,"key":"Explosive Potion"},{"floor":7,"key":"FocusPotion"},{"floor":12,"key":"LiquidBronze"},{"floor":20,"key":"SkillPotion"},{"floor":24,"key":"FocusPotion"},{"floor":28,"key":"SteroidPotion"},{"floor":33,"key":"Swift Potion"}],"is_trial":false,"path_per_floor":["M","T","M","M","?","R","E","R","T","E","R","E","M","M","R","B",null,"M","?","M","$","?","R","E","M","T","R","E","M","$","M","R","B",null,"M","T","?","?","M","R","E","R","T","R","?","E","$","E","R","B","B",null,"R","$","E","B",null],"character_chosen":"DEFECT","items_purchased":["PowerPotion","Fission+1","Bronze Scales","Strange Spoon","Hologram+1","Frozen Eye","Barrage"],"campfire_rested":6,"item_purchase_floors":[21,30,30,30,47,47,54],"current_hp_per_floor":[62,62,58,54,71,71,22,43,43,30,51,31,31,31,31,18,58,37,37,37,37,37,58,34,32,32,53,19,16,16,14,35,18,58,57,57,57,57,53,71,71,71,78,78,78,78,78,78,78,78,78,78,78,78,78,66],"gold":42,"neow_bonus":"UPGRADE_CARD","is_prod":false,"is_daily":false,"chose_seed":false,"campfire_upgraded":2,"win_rate":0,"timestamp":1552265675,"path_taken":["M","?","M","M","?","R","E","R","T","E","R","E","?","M","R","BOSS","M","?","M","$","?","R","E","M","T","R","E","M","$","M","R","BOSS","M","?","?","?","M","R","E","R","T","R","?","E","$","E","R","BOSS","BOSS","R","$","E","BOSS"],"build_version":"2019-02-06","purchased_purges":2,"victory":true,"max_hp_per_floor":[71,71,71,71,71,71,71,71,71,71,71,71,71,71,71,71,71,71,71,71,71,71,71,71,71,71,71,71,71,71,71,71,71,71,71,71,71,71,71,71,71,71,78,78,78,78,78,78,78,78,78,78,78,78,78,78],"card_choices":[{"not_picked":["Chaos","Force Field"],"picked":"Leap","floor":1},{"not_picked":["Beam Cell","Streamline"],"picked":"Coolheaded","floor":3},{"not_picked":["Hologram","Recycle"],"picked":"Rebound","floor":4},{"not_picked":["Sunder","Redo"],"picked":"Gash","floor":7},{"not_picked":["Go for the Eyes","Ball Lightning"],"picked":"Glacier","floor":10},{"not_picked":["Reinforced Body","Leap"],"picked":"Genetic Algorithm","floor":12},{"not_picked":["Steam","Hologram"],"picked":"Electrodynamics","floor":13},{"not_picked":["Turbo","Force Field","Lockon"],"picked":"SKIP","floor":14},{"not_picked":["Machine Learning","Thunder Strike"],"picked":"Fission","floor":16},{"not_picked":["Rebound+1","Turbo"],"picked":"Doom and Gloom","floor":18},{"not_picked":["Fusion","Streamline","Heatsinks"],"picked":"SKIP","floor":20},{"not_picked":["Recycle","Auto Shields","Beam Cell"],"picked":"SKIP","floor":24},{"not_picked":["Chill+1","Rip and Tear"],"picked":"Undo+1","floor":25},{"not_picked":["Redo+1","Turbo+1"],"picked":"Static Discharge","floor":28},{"not_picked":["Beam Cell","Static Discharge","Ball Lightning"],"picked":"SKIP","floor":29},{"not_picked":["Streamline","Static Discharge"],"picked":"Darkness+1","floor":31},{"not_picked":["Multi-Cast+1","Hyperbeam"],"picked":"Echo Form","floor":33},{"not_picked":["Hello World","Reprogram+1","Steam+1"],"picked":"SKIP","floor":35},{"not_picked":["Reprogram+1","Compile Driver"],"picked":"Capacitor","floor":37},{"not_picked":["Gash","Barrage"],"picked":"Glacier+1","floor":39},{"not_picked":["Steam+1","Aggregate+1","Leap+1"],"picked":"SKIP","floor":41},{"not_picked":["Stack+1","Hello World","Rebound"],"picked":"SKIP","floor":46},{"not_picked":["Streamline","Sweeping Beam"],"picked":"Gash","floor":48},{"not_picked":["Auto Shields+1","Loop+1"],"picked":"Seek+1","floor":55}],"player_experience":5130922,"relics_obtained":[{"floor":2,"key":"Orichalcum"},{"floor":7,"key":"Omamori"},{"floor":9,"key":"Calipers"},{"floor":12,"key":"Incense Burner"},{"floor":24,"key":"Toxic Egg 2"},{"floor":26,"key":"Lantern"},{"floor":28,"key":"Letter Opener"},{"floor":37,"key":"Ice Cream"},{"floor":41,"key":"Girya"},{"floor":43,"key":"Strawberry"},{"floor":46,"key":"PreservedInsect"},{"floor":48,"key":"StoneCalendar"},{"floor":55,"key":"Cables"}],"event_choices":[{"damage_healed":17,"gold_gain":0,"player_choice":"Healed","damage_taken":0,"max_hp_gain":0,"max_hp_loss":0,"event_name":"The Cleric","floor":5,"gold_loss":35},{"damage_healed":0,"gold_gain":0,"player_choice":"Opened","damage_taken":0,"relics_obtained":["Emotion Chip"],"max_hp_gain":0,"max_hp_loss":0,"event_name":"The Mausoleum","floor":19,"gold_loss":0,"cards_obtained":["Writhe"]},{"damage_healed":0,"gold_gain":275,"player_choice":"Desecrate","damage_taken":0,"max_hp_gain":0,"max_hp_loss":0,"event_name":"Golden Shrine","floor":22,"gold_loss":0,"cards_obtained":["Regret"]},{"damage_healed":0,"gold_gain":0,"player_choice":"Fight","damage_taken":0,"max_hp_gain":0,"max_hp_loss":0,"event_name":"MindBloom","floor":37,"gold_loss":0},{"cards_removed":["Doom and Gloom"],"damage_healed":0,"gold_gain":0,"player_choice":"Removed Attack","damage_taken":0,"max_hp_gain":0,"max_hp_loss":0,"event_name":"Falling","floor":38,"gold_loss":0},{"damage_healed":0,"gold_gain":0,"player_choice":"Upgrade","damage_taken":0,"max_hp_gain":0,"max_hp_loss":0,"event_name":"Designer","floor":45,"gold_loss":50,"cards_upgraded":["Capacitor"]}],"is_beta":true,"boss_relics":[{"not_picked":["Nuclear Battery","Tiny House"],"picked":"Fusion Hammer"},{"not_picked":["Runic Dome","Velvet Choker"],"picked":"Sozu"}],"items_purged_floors":[21,30],"is_endless":false,"potions_floor_spawned":[4,7,12,14,20,24,28,33,35,41],"ascension_level":20}