{"gold_per_floor":[117,6,19,19,31,31,60,93,169,169,184,184,216,266,266,342,342,314,331,18,36,36],"floor_reached":22,"playtime":1197,"items_purged":["Strike_G"],"score":388,"play_id":"cd1e2765-9a4e-4013-8db7-21e6654ea023","local_time":"20190315150239","is_ascension_mode":true,"campfire_choices":[{"data":"Sucker Punch","floor":6,"key":"SMITH"},{"floor":10,"key":"REST"},{"data":"Deadly Poison","floor":15,"key":"SMITH"}],"neow_cost":"NONE","seed_source_timestamp":362835616033289,"circlet_count":0,"master_deck":["AscendersBane","Defend_G","Defend_G","Defend_G","Defend_G","Defend_G","Strike_G","Strike_G","Survivor","Neutralize","Sucker Punch+1","Footwork","Bane","Poisoned Stab","Deadly Poison+1","Calculated Gamble","Cloak And Dagger","Malaise","Flying Knee+1","Noxious Fumes","Backflip"],"relics":["Ring of the Snake","Odd Mushroom","Art of War","Tiny Chest","Peace Pipe","Empty Cage","TwistedFunnel"],"potions_floor_usage":[7,8,13,16,18],"damage_taken":[{"damage":6,"enemies":"Cultist","floor":1,"turns":5},{"damage":0,"enemies":"Jaw Worm","floor":3,"turns":7},{"damage":5,"enemies":"2 Louse","floor":5,"turns":5},{"damage":12,"enemies":"The Mushroom Lair","floor":7,"turns":5},{"damage":23,"enemies":"3 Sentries","floor":8,"turns":9},{"damage":10,"enemies":"Large Slime","floor":11,"turns":8},{"damage":3,"enemies":"Gremlin Nob","floor":13,"turns":3},{"damage":14,"enemies":"Hexaghost","floor":16,"turns":8},{"damage":1,"enemies":"2 Thieves","floor":18,"turns":4},{"damage":7,"enemies":"Spheric Guardian","floor":19,"turns":4},{"damage":38,"enemies":"Shelled Parasite and Fungi","floor":21,"turns":6},{"damage":25,"enemies":"Snecko","floor":22,"turns":5}],"seed_played":"-5357322468622197341","potions_obtained":[{"floor":1,"key":"Poison Potion"},{"floor":5,"key":"Fire Potion"},{"floor":7,"key":"FearPotion"},{"floor":13,"key":"PowerPotion"},{"floor":16,"key":"Energy Potion"},{"floor":19,"key":"SpeedPotion"}],"is_trial":false,"path_per_floor":["M","$","M","$","M","R","?","E","T","R","M","?","E","?","R","B",null,"M","M","$","M","M"],"character_chosen":"THE_SILENT","items_purchased":["Footwork","TwistedFunnel","Noxious Fumes"],"campfire_rested":1,"item_purchase_floors":[2,20,20],"current_hp_per_floor":[59,59,59,59,54,54,42,19,19,40,30,30,27,27,27,13,57,56,49,49,11,0],"gold":36,"neow_bonus":"TEN_PERCENT_HP_BONUS","is_prod":false,"is_daily":false,"chose_seed":false,"campfire_upgraded":2,"win_rate":0,"timestamp":1552687359,"path_taken":["M","$","M","?","M","R","?","E","T","R","M","?","E","?","R","BOSS","M","M","$","?","M"],"build_version":"2019-02-06","purchased_purges":1,"victory":false,"max_hp_per_floor":[72,72,72,72,72,72,72,72,72,72,72,72,72,72,72,72,72,72,72,72,72,72],"card_choices":[{"not_picked":["Finisher","Distraction"],"picked":"Sucker Punch","floor":1},{"not_picked":["Eviscerate","Deflect"],"picked":"Bane","floor":3},{"not_picked":["Outmaneuver","Concentrate"],"picked":"Poisoned Stab","floor":5},{"not_picked":["Dagger Throw","Poisoned Stab"],"picked":"Deadly Poison","floor":8},{"not_picked":["Bane","Dagger Spray"],"picked":"Calculated Gamble","floor":11},{"not_picked":["Dagger Spray","Quick Slash"],"picked":"Cloak And Dagger","floor":13},{"not_picked":["Storm of Steel","A Thousand Cuts"],"picked":"Malaise","floor":16},{"not_picked":["Flying Knee","Poisoned Stab","Slice"],"picked":"SKIP","floor":18},{"not_picked":["Dagger Throw","Outmaneuver"],"picked":"Flying Knee+1","floor":19},{"not_picked":["Dagger Spray","Sucker Punch"],"picked":"Backflip","floor":21}],"player_experience":5186357,"relics_obtained":[{"floor":7,"key":"Odd Mushroom"},{"floor":8,"key":"Art of War"},{"floor":9,"key":"Tiny Chest"},{"floor":13,"key":"Peace Pipe"}],"event_choices":[{"damage_healed":0,"gold_gain":0,"player_choice":"Fought Mushrooms","damage_taken":0,"max_hp_gain":0,"max_hp_loss":0,"event_name":"Mushrooms","floor":7,"gold_loss":0},{"damage_healed":0,"gold_gain":0,"player_choice":"Ignored","damage_taken":0,"max_hp_gain":0,"max_hp_loss":0,"event_name":"Golden Wing","floor":12,"gold_loss":0},{"damage_healed":0,"gold_gain":50,"player_choice":"Pray","damage_taken":0,"max_hp_gain":0,"max_hp_loss":0,"event_name":"Golden Shrine","floor":14,"gold_loss":0}],"is_beta":true,"boss_relics":[{"not_picked":["Black Star","Calling Bell"],"picked":"Empty Cage"}],"items_purged_floors":[2],"is_endless":false,"potions_floor_spawned":[1,5,7,13,16,19],"killed_by":"Snecko","ascension_level":20}