{"gold_per_floor":[359,375,57,73,73,73,90,121,121,121,121,21,21,48,48,119,119,136,136,136,152,27,27,54,54,132,159,159,172,189,44,44,115,115,128,0,18,32,32,32,32],"floor_reached":41,"playtime":1966,"items_purged":["Strike_B","Strike_B","Strike_B"],"score":874,"play_id":"e1226d65-2e3e-491f-b453-1b667b7a4c7b","local_time":"20190310134154","is_ascension_mode":true,"campfire_choices":[{"data":"Zap","floor":6,"key":"SMITH"},{"data":"Darkness","floor":11,"key":"SMITH"},{"data":"Doom and Gloom","floor":13,"key":"SMITH"},{"data":"Defragment","floor":15,"key":"SMITH"},{"data":"Biased Cognition","floor":23,"key":"SMITH"},{"floor":25,"key":"REST"},{"data":"Loop","floor":28,"key":"SMITH"},{"floor":32,"key":"REST"},{"floor":40,"key":"REST"}],"neow_cost":"TEN_PERCENT_HP_LOSS","seed_source_timestamp":334984182742964,"circlet_count":0,"master_deck":["AscendersBane","Strike_B","Defend_B","Defend_B","Defend_B","Defend_B","Zap+1","Dualcast","Cold Snap","Ball Lightning","Doom and Gloom+1","Conserve Battery","BootSequence","Darkness+1","Defragment+1","Biased Cognition+1","Compile Driver","FTL","Hyperbeam","Loop+1","Redo","Capacitor","Multi-Cast","Recycle+1","Steam+1","White Noise+1"],"relics":["Cracked Core","Bronze Scales","NlothsMask","Meat on the Bone","StoneCalendar","Black Star","Strawberry","Pantograph","Kunai","Orichalcum","Gambling Chip","Nuclear Battery","Red Mask"],"potions_floor_usage":[24,24,30,33],"damage_taken":[{"damage":4,"enemies":"Jaw Worm","floor":1,"turns":4},{"damage":0,"enemies":"Cultist","floor":2,"turns":3},{"damage":1,"enemies":"2 Louse","floor":4,"turns":2},{"damage":1,"enemies":"Blue Slaver","floor":7,"turns":3},{"damage":7,"enemies":"Lagavulin","floor":8,"turns":6},{"damage":20,"enemies":"3 Sentries","floor":14,"turns":3},{"damage":27,"enemies":"Slime Boss","floor":16,"turns":7},{"damage":0,"enemies":"3 Byrds","floor":18,"turns":3},{"damage":18,"enemies":"2 Thieves","floor":21,"turns":3},{"damage":27,"enemies":"Book of Stabbing","floor":24,"turns":4},{"damage":36,"enemies":"Slavers","floor":27,"turns":3},{"damage":18,"enemies":"Centurion and Healer","floor":29,"turns":6},{"damage":8,"enemies":"Snecko","floor":30,"turns":3},{"damage":45,"enemies":"Collector","floor":33,"turns":6},{"damage":0,"enemies":"3 Shapes","floor":35,"turns":2},{"damage":26,"enemies":"3 Darklings","floor":37,"turns":5},{"damage":22,"enemies":"Spire Growth","floor":38,"turns":4},{"damage":48,"enemies":"Nemesis","floor":41,"turns":3}],"seed_played":"3450234438792653051","potions_obtained":[{"floor":1,"key":"FearPotion"},{"floor":8,"key":"Explosive Potion"},{"floor":16,"key":"Poison Potion"},{"floor":21,"key":"Poison Potion"},{"floor":24,"key":"GamblersBrew"},{"floor":30,"key":"FearPotion"},{"floor":35,"key":"FearPotion"}],"is_trial":false,"path_per_floor":["M","M","$","M","?","R","M","E","T","?","R","$","R","E","R","B",null,"M","?","?","M","$","R","E","R","T","E","R","M","M","$","R","B",null,"M","?","M","M","?","R","E"],"character_chosen":"DEFECT","items_purchased":["Doom and Gloom","Bronze Scales","Multi-Cast","SkillPotion"],"campfire_rested":3,"item_purchase_floors":[3,3,31,31],"current_hp_per_floor":[60,60,60,59,59,59,58,51,51,51,51,51,51,43,43,28,55,55,55,55,37,37,37,29,50,50,26,26,20,24,24,45,37,63,63,63,37,27,27,48,0],"gold":32,"neow_bonus":"TWO_FIFTY_GOLD","is_prod":false,"is_daily":false,"chose_seed":false,"campfire_upgraded":6,"win_rate":0,"timestamp":1552250514,"path_taken":["M","M","$","M","?","R","?","E","T","?","R","$","R","E","R","BOSS","M","?","?","M","$","R","E","R","T","E","R","M","M","?","R","BOSS","M","?","M","M","?","R","E"],"build_version":"2019-02-06","purchased_purges":3,"victory":false,"max_hp_per_floor":[64,64,64,64,64,64,64,64,64,64,64,64,64,64,64,64,64,64,64,64,64,64,64,71,71,71,71,71,71,71,71,71,71,71,71,71,71,71,71,71,71],"card_choices":[{"not_picked":["Melter","Reprogram"],"picked":"Cold Snap","floor":1},{"not_picked":["Streamline","Compile Driver"],"picked":"Ball Lightning","floor":2},{"not_picked":["Reprogram","Blizzard"],"picked":"Conserve Battery","floor":4},{"not_picked":["Gash","Beam Cell"],"picked":"BootSequence","floor":7},{"not_picked":["Barrage","Redo"],"picked":"Darkness","floor":8},{"not_picked":["Fission","Sweeping Beam"],"picked":"Defragment","floor":14},{"not_picked":["Rainbow","Meteor Strike"],"picked":"Biased Cognition","floor":16},{"not_picked":["Hologram","Go for the Eyes"],"picked":"Compile Driver","floor":18},{"not_picked":["Streamline","Barrage","Tempest"],"picked":"SKIP","floor":21},{"not_picked":["Skim+1","Hologram"],"picked":"Hyperbeam","floor":24},{"not_picked":["Hologram","Beam Cell+1"],"picked":"Loop","floor":27},{"not_picked":["Stack","Rebound"],"picked":"Redo","floor":29},{"not_picked":["Rebound+1","Defragment"],"picked":"Capacitor","floor":30},{"not_picked":["Darkness","Doom and Gloom+1"],"picked":"Recycle+1","floor":35},{"not_picked":["Darkness","Stack"],"picked":"Steam+1","floor":37},{"not_picked":["Leap","Rip and Tear"],"picked":"White Noise+1","floor":38}],"player_experience":5118924,"relics_obtained":[{"floor":8,"key":"Meat on the Bone"},{"floor":14,"key":"StoneCalendar"},{"floor":24,"key":"Strawberry"},{"floor":24,"key":"Pantograph"},{"floor":26,"key":"Kunai"},{"floor":27,"key":"Orichalcum"},{"floor":27,"key":"Gambling Chip"}],"event_choices":[{"damage_healed":0,"gold_gain":0,"player_choice":"Trade","damage_taken":0,"relics_obtained":["NlothsMask"],"max_hp_gain":0,"max_hp_loss":0,"event_name":"FaceTrader","floor":5,"gold_loss":0},{"damage_healed":0,"gold_gain":0,"player_choice":"Ignored","damage_taken":0,"max_hp_gain":0,"max_hp_loss":0,"event_name":"Liars Game","floor":10,"gold_loss":0},{"damage_healed":0,"gold_gain":0,"player_choice":"Read","damage_taken":0,"max_hp_gain":0,"max_hp_loss":0,"event_name":"The Library","floor":19,"gold_loss":0,"cards_obtained":["FTL"]},{"damage_healed":0,"gold_gain":0,"player_choice":"Ignored","damage_taken":0,"max_hp_gain":0,"max_hp_loss":0,"event_name":"Vampires","floor":20,"gold_loss":0},{"damage_healed":0,"gold_gain":0,"player_choice":"Paid","damage_taken":0,"relics_obtained":["Red Mask"],"max_hp_gain":0,"max_hp_loss":0,"event_name":"Tomb of Lord Red Mask","floor":36,"gold_loss":128},{"damage_healed":0,"gold_gain":0,"player_choice":"Ignored","damage_taken":0,"max_hp_gain":0,"max_hp_loss":0,"event_name":"The Moai Head","floor":39,"gold_loss":0}],"is_beta":true,"boss_relics":[{"not_picked":["Lizard Tail","Busted Crown"],"picked":"Black Star"},{"not_picked":["Runic Dome","Pandora\u0027s Box"],"picked":"Nuclear Battery"}],"items_purged_floors":[3,12,22],"is_endless":false,"potions_floor_spawned":[1,8,16,21,24,30,35],"killed_by":"Nemesis","ascension_level":20}