{"gold_per_floor":[119,130,130,141,216,216,245,245,271,288,68,94,109,140,140,214,214,232,232,25,45,61,61,91,91,91,91,123,48,80,91,91,165,165,180,53,53,68,1067,358,358,384,384,418,471,505,524,543,543,543,543,543,543,11,39,39],"floor_reached":57,"playtime":6020,"items_purged":["Strike_R+1","Strike_R+1","Normality","Strike_R+1"],"score":2857,"play_id":"31f079f7-431a-475c-94dd-5ea274abdea8","local_time":"20190310152309","is_ascension_mode":true,"campfire_choices":[{"data":"Anger","floor":6,"key":"SMITH"},{"data":"Rage","floor":8,"key":"SMITH"},{"data":"Disarm","floor":15,"key":"SMITH"},{"data":"Inflame","floor":23,"key":"SMITH"},{"data":"Feed","floor":25,"key":"SMITH"},{"data":"Limit Break","floor":27,"key":"SMITH"},{"data":"Disarm","floor":32,"key":"SMITH"},{"data":"True Grit","floor":41,"key":"SMITH"},{"floor":49,"key":"RECALL"},{"data":"Spot Weakness","floor":53,"key":"SMITH"}],"neow_cost":"NONE","seed_source_timestamp":336977908471301,"circlet_count":0,"master_deck":["AscendersBane","Strike_R+1","Defend_R+1","Defend_R+1","Defend_R+1","Defend_R+1","Bash+1","Anger+1","Battle Trance+1","True Grit+1","Rage+1","Shrug It Off","Limit Break+1","Disarm+1","Reaper","Inflame+1","Shrug It Off","Feed+1","Combust","Disarm+1","Shockwave","Thunderclap","Dark Shackles","Burning Pact","Sword Boomerang+1","Spot Weakness+1","Intimidate+1","Bloodletting+1","Double Tap"],"relics":["Burning Blood","Centennial Puzzle","Bag of Preparation","Omamori","Red Skull","War Paint","Self Forming Clay","Philosopher\u0027s Stone","Blood Vial","Art of War","Smiling Mask","Sundial","Runic Pyramid","Letter Opener","Lee\u0027s Waffle","Bronze Scales","Du-Vu Doll","Ice Cream","Orichalcum","Thread and Needle","Anchor"],"potions_floor_usage":[7,12,14,55],"damage_taken":[{"damage":4,"enemies":"Small Slimes","floor":1,"turns":3},{"damage":7,"enemies":"Jaw Worm","floor":2,"turns":3},{"damage":1,"enemies":"2 Louse","floor":4,"turns":3},{"damage":17,"enemies":"Lagavulin","floor":7,"turns":5},{"damage":3,"enemies":"Blue Slaver","floor":10,"turns":3},{"damage":14,"enemies":"3 Sentries","floor":12,"turns":9},{"damage":16,"enemies":"Large Slime","floor":13,"turns":12},{"damage":6,"enemies":"Gremlin Nob","floor":14,"turns":3},{"damage":5,"enemies":"The Guardian","floor":16,"turns":10},{"damage":12,"enemies":"Shell Parasite","floor":18,"turns":4},{"damage":2,"enemies":"Spheric Guardian","floor":21,"turns":4},{"damage":17,"enemies":"Shelled Parasite and Fungi","floor":22,"turns":6},{"damage":36,"enemies":"Slavers","floor":24,"turns":8},{"damage":1,"enemies":"Gremlin Leader","floor":28,"turns":5},{"damage":41,"enemies":"Slavers","floor":30,"turns":6},{"damage":46,"enemies":"Snecko","floor":31,"turns":11},{"damage":50,"enemies":"Automaton","floor":33,"turns":9},{"damage":65,"enemies":"3 Darklings","floor":35,"turns":7},{"damage":9,"enemies":"3 Shapes","floor":38,"turns":6},{"damage":15,"enemies":"Giant Head","floor":42,"turns":7},{"damage":6,"enemies":"Nemesis","floor":44,"turns":7},{"damage":22,"enemies":"2 Orb Walkers","floor":45,"turns":4},{"damage":25,"enemies":"Reptomancer","floor":46,"turns":6},{"damage":12,"enemies":"Jaw Worm Horde","floor":47,"turns":4},{"damage":11,"enemies":"Maw","floor":48,"turns":6},{"damage":54,"enemies":"Time Eater","floor":50,"turns":6},{"damage":39,"enemies":"Donu and Deca","floor":51,"turns":7},{"damage":24,"enemies":"Shield and Spear","floor":55,"turns":6},{"damage":106,"enemies":"The Heart","floor":56,"turns":9}],"seed_played":"-163538919163683762","potions_obtained":[{"floor":1,"key":"Dexterity Potion"},{"floor":2,"key":"Fire Potion"},{"floor":10,"key":"FearPotion"},{"floor":22,"key":"Energy Potion"}],"is_trial":false,"path_per_floor":["M","M","?","M","?","R","E","R","T","M","$","E","M","E","R","B",null,"M","?","$","M","M","R","E","R","T","R","E","?","E","M","R","B",null,"M","$","?","M","?","$","R","E","T","E","?","E","M","M","R","B","B",null,"R","$","E","B",null],"character_chosen":"IRONCLAD","items_purchased":["Red Skull","Shrug It Off","Inflame","Block Potion","Shockwave","Letter Opener","Dark Shackles","GamblersBrew","Lee\u0027s Waffle","Thread and Needle","Double Tap"],"campfire_rested":0,"item_purchase_floors":[11,11,20,20,36,40,40,40,40,54,54],"current_hp_per_floor":[70,69,69,74,63,63,52,52,52,55,55,47,37,37,37,38,66,60,60,60,72,64,64,48,48,48,48,67,67,68,72,72,72,83,84,84,91,95,95,102,102,106,106,110,114,118,122,126,126,130,134,134,134,134,138,108],"gold":39,"neow_bonus":"RANDOM_COMMON_RELIC","is_prod":false,"is_daily":false,"chose_seed":false,"campfire_upgraded":9,"win_rate":0,"timestamp":1552256589,"path_taken":["M","M","?","M","?","R","E","R","T","M","$","E","M","E","R","BOSS","M","?","$","M","M","R","E","R","T","R","E","?","E","M","R","BOSS","M","$","?","M","?","$","R","E","T","E","?","E","M","M","R","BOSS","BOSS","R","$","E","BOSS"],"build_version":"2019-02-06","purchased_purges":4,"victory":true,"max_hp_per_floor":[75,75,75,75,75,75,75,75,75,75,75,75,75,75,75,75,75,75,75,75,75,75,75,75,75,75,75,75,75,79,83,83,87,87,91,91,91,95,95,102,102,106,106,110,114,118,122,126,126,130,134,134,134,134,138,138],"card_choices":[{"not_picked":["Spot Weakness","Shockwave"],"picked":"Anger","floor":1},{"not_picked":["Combust","Havoc"],"picked":"Battle Trance","floor":2},{"not_picked":["Blood for Blood","Thunderclap"],"picked":"True Grit","floor":4},{"not_picked":["Searing Blow","Shockwave"],"picked":"Rage","floor":7},{"not_picked":["Pommel Strike","Havoc","Reckless Charge"],"picked":"SKIP","floor":10},{"not_picked":["Anger","Power Through"],"picked":"Limit Break","floor":12},{"not_picked":["Warcry","Intimidate","Sentinel"],"picked":"SKIP","floor":13},{"not_picked":["Clothesline","Entrench"],"picked":"Disarm","floor":14},{"not_picked":["Bludgeon","Feed"],"picked":"Reaper","floor":16},{"not_picked":["Seeing Red","Anger","Blood for Blood"],"picked":"SKIP","floor":18},{"not_picked":["Clothesline","Uppercut"],"picked":"Shrug It Off","floor":21},{"not_picked":["Iron Wave","Wild Strike","Clash+1"],"picked":"SKIP","floor":22},{"not_picked":["Disarm","Ghostly Armor+1"],"picked":"Feed","floor":24},{"not_picked":["Pummel","Twin Strike","Pommel Strike"],"picked":"SKIP","floor":28},{"not_picked":["Rupture","Hemokinesis"],"picked":"Combust","floor":30},{"not_picked":["Pommel Strike","Entrench"],"picked":"Disarm","floor":31},{"not_picked":["Wild Strike","Havoc","Pommel Strike"],"picked":"SKIP","floor":35},{"not_picked":["Rampage","Clash"],"picked":"Thunderclap","floor":38},{"not_picked":["Pommel Strike","Corruption+1"],"picked":"Burning Pact","floor":42},{"not_picked":["Bludgeon","Metallicize","Flex"],"picked":"SKIP","floor":44},{"not_picked":["Havoc","Heavy Blade"],"picked":"Sword Boomerang+1","floor":45},{"not_picked":["Second Wind","Seeing Red+1"],"picked":"Spot Weakness","floor":46},{"not_picked":["Dropkick","Warcry"],"picked":"Intimidate+1","floor":47},{"not_picked":["Thunderclap","Wild Strike"],"picked":"Bloodletting+1","floor":48},{"not_picked":["Metallicize+1","Rampage+1","Pommel Strike"],"picked":"SKIP","floor":55}],"player_experience":5120890,"relics_obtained":[{"floor":7,"key":"Bag of Preparation"},{"floor":9,"key":"Omamori"},{"floor":12,"key":"War Paint"},{"floor":14,"key":"Self Forming Clay"},{"floor":24,"key":"Blood Vial"},{"floor":26,"key":"Art of War"},{"floor":28,"key":"Smiling Mask"},{"floor":30,"key":"Sundial"},{"floor":42,"key":"Bronze Scales"},{"floor":44,"key":"Du-Vu Doll"},{"floor":45,"key":"Ice Cream"},{"floor":46,"key":"Orichalcum"},{"floor":55,"key":"Anchor"}],"event_choices":[{"damage_healed":0,"gold_gain":0,"player_choice":"Grow","damage_taken":0,"max_hp_gain":0,"max_hp_loss":0,"event_name":"Living Wall","floor":3,"gold_loss":0,"cards_upgraded":["Bash"]},{"damage_healed":0,"gold_gain":75,"player_choice":"Gather Gold","damage_taken":11,"max_hp_gain":0,"max_hp_loss":0,"event_name":"World of Goop","floor":5,"gold_loss":0},{"damage_healed":0,"gold_gain":0,"player_choice":"Simplicity","damage_taken":0,"max_hp_gain":0,"max_hp_loss":0,"event_name":"Back to Basics","floor":19,"gold_loss":0,"cards_upgraded":["Strike_R","Strike_R","Strike_R","Strike_R","Strike_R","Defend_R","Defend_R","Defend_R"]},{"cards_removed":["Strike_R"],"damage_healed":0,"gold_gain":0,"player_choice":"Gave Gold","damage_taken":0,"max_hp_gain":0,"max_hp_loss":0,"event_name":"Beggar","floor":29,"gold_loss":75},{"damage_healed":18,"gold_gain":0,"player_choice":"Writhe","damage_taken":0,"max_hp_gain":0,"max_hp_loss":0,"event_name":"Winding Halls","floor":37,"gold_loss":0,"cards_obtained":["Writhe"]},{"damage_healed":0,"gold_gain":999,"player_choice":"Gold","damage_taken":0,"max_hp_gain":0,"max_hp_loss":0,"event_name":"MindBloom","floor":39,"gold_loss":0,"cards_obtained":["Normality","Normality"]},{"damage_healed":0,"gold_gain":0,"player_choice":"Fight","damage_taken":0,"max_hp_gain":0,"max_hp_loss":0,"event_name":"Mysterious Sphere","floor":45,"gold_loss":0}],"is_beta":true,"boss_relics":[{"not_picked":["Snecko Eye","Black Star"],"picked":"Philosopher\u0027s Stone"},{"not_picked":["Cursed Key","Eternal Feather"],"picked":"Runic Pyramid"}],"items_purged_floors":[20,36,40,54],"is_endless":false,"potions_floor_spawned":[1,2,10,22,24,31,38,47,48],"ascension_level":20}