{"gold_per_floor":[110,110,110,129,149,180,180,49,75,111,11,25,50,50,50,139,139,152,152,172,5,29,72,91,134,159,159,198,198,242,286,286,376,376,401,401,417,440,126,126,167,167,167,167,208,208,239,252,252,252,252,252,252,3,34,34],"floor_reached":57,"playtime":5298,"items_purged":["Strike_G","Strike_G","Strike_G"],"score":3048,"play_id":"cde93320-1c78-4a66-9b22-2c73d2b8c90b","local_time":"20190318181739","is_ascension_mode":true,"campfire_choices":[{"data":"Deadly Poison","floor":7,"key":"SMITH"},{"data":"Poisoned Stab","floor":15,"key":"SMITH"},{"data":"Footwork","floor":27,"key":"SMITH"},{"data":"Footwork","floor":29,"key":"SMITH"},{"floor":32,"key":"REST"},{"data":"Noxious Fumes","floor":40,"key":"SMITH"},{"data":"Malaise","floor":42,"key":"SMITH"},{"data":"Burst","floor":44,"key":"SMITH"},{"floor":49,"key":"RECALL"},{"floor":53,"key":"REST"}],"neow_cost":"NONE","seed_source_timestamp":109960484196529,"circlet_count":0,"master_deck":["AscendersBane","Defend_G","Defend_G+1","Defend_G","Defend_G+1","Defend_G","Strike_G","Strike_G","Survivor","Neutralize","PiercingWail","Deadly Poison+1","Leg Sweep","Dash","Backflip","Poisoned Stab+1","Burst+1","Acrobatics","Leg Sweep","Footwork+1","Predator","Backflip","Footwork+1","Dash","Dodge and Roll","Dodge and Roll","Noxious Fumes+1","Malaise+1","PiercingWail+1","Deadly Poison+1","A Thousand Cuts+1","Leg Sweep+1","Well Laid Plans+1","Dodge and Roll"],"relics":["Ring of the Serpent","Bronze Scales","Golden Idol","Vajra","Dream Catcher","Gremlin Horn","Snecko Eye","PreservedInsect","Smiling Mask","Matryoshka","Strawberry","Pen Nib","Dodecahedron","Red Mask","Art of War","Omamori","Oddly Smooth Stone","Pantograph","Mango","Mummified Hand","Frozen Egg 2","Centennial Puzzle","Boot"],"potions_floor_usage":[6,10,41,45,48,56],"damage_taken":[{"damage":0,"enemies":"Small Slimes","floor":1,"turns":5},{"damage":0,"enemies":"2 Louse","floor":4,"turns":2},{"damage":0,"enemies":"Jaw Worm","floor":5,"turns":4},{"damage":9,"enemies":"3 Sentries","floor":6,"turns":12},{"damage":12,"enemies":"Gremlin Nob","floor":10,"turns":4},{"damage":2,"enemies":"Blue Slaver","floor":12,"turns":3},{"damage":0,"enemies":"Looter","floor":13,"turns":4},{"damage":15,"enemies":"The Guardian","floor":16,"turns":12},{"damage":0,"enemies":"Spheric Guardian","floor":18,"turns":4},{"damage":0,"enemies":"3 Byrds","floor":20,"turns":2},{"damage":1,"enemies":"Centurion and Healer","floor":22,"turns":9},{"damage":0,"enemies":"Gremlin Leader","floor":23,"turns":5},{"damage":0,"enemies":"Snake Plant","floor":24,"turns":5},{"damage":0,"enemies":"Book of Stabbing","floor":25,"turns":4},{"damage":0,"enemies":"Gremlin Leader","floor":28,"turns":9},{"damage":0,"enemies":"Masked Bandits","floor":30,"turns":6},{"damage":18,"enemies":"Book of Stabbing","floor":31,"turns":5},{"damage":13,"enemies":"Automaton","floor":33,"turns":11},{"damage":12,"enemies":"3 Shapes","floor":35,"turns":8},{"damage":9,"enemies":"3 Darklings","floor":37,"turns":10},{"damage":0,"enemies":"Giant Head","floor":41,"turns":9},{"damage":0,"enemies":"Reptomancer","floor":45,"turns":6},{"damage":10,"enemies":"Giant Head","floor":47,"turns":10},{"damage":6,"enemies":"Sphere and 2 Shapes","floor":48,"turns":5},{"damage":2,"enemies":"Time Eater","floor":50,"turns":17},{"damage":3,"enemies":"Awakened One","floor":51,"turns":19},{"damage":0,"enemies":"Shield and Spear","floor":55,"turns":9},{"damage":29,"enemies":"The Heart","floor":56,"turns":14}],"seed_played":"-5530526583844834157","potions_obtained":[{"floor":5,"key":"EssenceOfSteel"},{"floor":6,"key":"EssenceOfSteel"},{"floor":16,"key":"Strength Potion"},{"floor":41,"key":"Ancient Potion"},{"floor":47,"key":"SteroidPotion"},{"floor":55,"key":"SmokeBomb"}],"is_trial":false,"path_per_floor":["M","?","?","M","M","E","R","$","T","E","$","M","M","?","R","B",null,"M","?","M","$","M","E","M","E","T","R","E","R","?","E","R","B",null,"M","?","M","T","$","R","E","R","T","R","E","?","E","M","R","B","B",null,"R","$","E","B",null],"character_chosen":"THE_SILENT","items_purchased":["Explosive Potion","PreservedInsect","Pantograph","Well Laid Plans+1","Centennial Puzzle"],"campfire_rested":2,"item_purchase_floors":[8,21,39,54,54],"current_hp_per_floor":[59,59,41,41,41,32,32,32,32,20,20,18,18,18,18,3,46,46,46,46,46,45,45,45,45,52,52,52,52,52,34,54,41,61,49,49,40,40,40,40,54,54,54,54,54,54,44,38,38,61,75,77,78,78,78,49],"gold":34,"neow_bonus":"RANDOM_COMMON_RELIC","is_prod":false,"is_daily":false,"chose_seed":false,"campfire_upgraded":7,"win_rate":0,"timestamp":1552958259,"path_taken":["M","?","?","M","M","E","R","$","T","E","$","M","?","?","R","BOSS","M","?","?","$","M","E","M","E","T","R","E","R","?","E","R","BOSS","M","?","M","?","$","R","E","R","T","R","E","?","E","M","R","BOSS","BOSS","R","$","E","BOSS"],"build_version":"2019-03-15","purchased_purges":3,"victory":true,"max_hp_per_floor":[66,60,60,60,60,60,60,60,60,60,60,60,60,60,60,60,60,60,60,60,60,60,60,60,60,67,67,67,67,67,67,67,67,67,67,64,64,64,64,64,78,78,78,78,78,78,78,78,78,78,78,78,78,78,78,78],"card_choices":[{"not_picked":["Sucker Punch","Flying Knee"],"picked":"PiercingWail","floor":1},{"not_picked":["All Out Attack","Dagger Throw"],"picked":"Deadly Poison","floor":4},{"not_picked":["Heel Hook","Sucker Punch"],"picked":"Leg Sweep","floor":5},{"not_picked":["Deflect","Burst"],"picked":"Dash","floor":6},{"not_picked":["Flying Knee","Sucker Punch","Tools of the Trade"],"picked":"SKIP","floor":10},{"not_picked":["Sucker Punch","Flying Knee"],"picked":"Backflip","floor":12},{"not_picked":["Masterful Stab","Acrobatics"],"picked":"Poisoned Stab","floor":13},{"not_picked":["Venomology","Die Die Die"],"picked":"Burst","floor":16},{"not_picked":["Underhanded Strike","Prepared"],"picked":"Acrobatics","floor":18},{"not_picked":["Noxious Fumes","Bane"],"picked":"Footwork","floor":20},{"not_picked":["Underhanded Strike","Acrobatics"],"picked":"Predator","floor":22},{"not_picked":["Choke","Doppelganger"],"picked":"Backflip","floor":23},{"not_picked":["Dagger Spray","Deflect","Calculated Gamble"],"picked":"SKIP","floor":24},{"not_picked":["Eviscerate","Choke"],"picked":"Footwork","floor":25},{"not_picked":["Blade Dance","Escape Plan"],"picked":"Dash","floor":28},{"not_picked":["Quick Slash+1","Blur"],"picked":"Dodge and Roll","floor":30},{"not_picked":["Dagger Throw","Deflect"],"picked":"Dodge and Roll","floor":31},{"not_picked":["Outmaneuver+1","Bane"],"picked":"Noxious Fumes","floor":32},{"not_picked":["Die Die Die","A Thousand Cuts"],"picked":"Malaise","floor":33},{"not_picked":["Slice","Predator","Deflect+1"],"picked":"SKIP","floor":35},{"not_picked":["Eviscerate","Finisher"],"picked":"PiercingWail","floor":37},{"not_picked":["Underhanded Strike+1","PiercingWail"],"picked":"Deadly Poison+1","floor":41},{"not_picked":["Slice","Die Die Die","Prepared"],"picked":"SKIP","floor":45},{"not_picked":["Eviscerate","Leg Sweep"],"picked":"A Thousand Cuts","floor":47},{"not_picked":["Infinite Blades+1","Prepared+1"],"picked":"Leg Sweep+1","floor":48},{"not_picked":["Dagger Spray+1","Eviscerate"],"picked":"Dodge and Roll","floor":55}],"player_experience":5232912,"relics_obtained":[{"floor":6,"key":"Vajra"},{"floor":9,"key":"Dream Catcher"},{"floor":10,"key":"Gremlin Horn"},{"floor":23,"key":"Smiling Mask"},{"floor":25,"key":"Matryoshka"},{"floor":26,"key":"Strawberry"},{"floor":26,"key":"Pen Nib"},{"floor":28,"key":"Dodecahedron"},{"floor":30,"key":"Red Mask"},{"floor":31,"key":"Art of War"},{"floor":38,"key":"Omamori"},{"floor":38,"key":"Oddly Smooth Stone"},{"floor":41,"key":"Mango"},{"floor":45,"key":"Mummified Hand"},{"floor":47,"key":"Frozen Egg 2"},{"floor":55,"key":"Boot"}],"event_choices":[{"damage_healed":0,"gold_gain":0,"player_choice":"Lose Max HP","damage_taken":0,"relics_obtained":["Golden Idol"],"max_hp_gain":0,"max_hp_loss":6,"event_name":"Golden Idol","floor":2,"gold_loss":0},{"damage_healed":0,"gold_gain":0,"player_choice":"Entered Light","damage_taken":18,"max_hp_gain":0,"max_hp_loss":0,"event_name":"Shining Light","floor":3,"gold_loss":0,"cards_upgraded":["Defend_G","Defend_G"]},{"damage_healed":0,"gold_gain":0,"player_choice":"Ignored","damage_taken":0,"max_hp_gain":0,"max_hp_loss":0,"event_name":"Liars Game","floor":14,"gold_loss":0},{"damage_healed":0,"gold_gain":0,"player_choice":"Copied","damage_taken":0,"max_hp_gain":0,"max_hp_loss":0,"event_name":"Duplicator","floor":19,"gold_loss":0,"cards_obtained":["Leg Sweep"]},{"damage_healed":0,"gold_gain":0,"player_choice":"Fought Bandits","damage_taken":0,"max_hp_gain":0,"max_hp_loss":0,"event_name":"Masked Bandits","floor":30,"gold_loss":0},{"damage_healed":0,"gold_gain":0,"player_choice":"Max HP","damage_taken":0,"max_hp_gain":0,"max_hp_loss":3,"event_name":"Winding Halls","floor":36,"gold_loss":0},{"damage_healed":0,"gold_gain":0,"player_choice":"Upgraded","damage_taken":0,"max_hp_gain":0,"max_hp_loss":0,"event_name":"Upgrade Shrine","floor":46,"gold_loss":0,"cards_upgraded":["PiercingWail"]}],"is_beta":true,"boss_relics":[{"not_picked":["Lizard Tail","Empty Cage"],"picked":"Snecko Eye"},{"not_picked":["Tiny House","Pandora\u0027s Box"],"picked":"Ring of the Serpent"}],"items_purged_floors":[8,11,39],"is_endless":false,"potions_floor_spawned":[5,6,16,18,20,22,30,33,37,41,47,55],"ascension_level":20}