{"gold_per_floor":[116,116,61,71,89,117,117,143,167,198,198,226,226,236,236,236],"floor_reached":16,"playtime":1012,"items_purged":[],"score":256,"play_id":"2e9d3320-b1dd-4a88-9607-3d71c65b50fd","local_time":"20190308130220","is_ascension_mode":true,"campfire_choices":[{"floor":7,"key":"REST"},{"data":"Sweeping Beam","floor":13,"key":"SMITH"},{"floor":15,"key":"REST"}],"neow_cost":"NONE","seed_source_timestamp":164364419524975,"circlet_count":0,"master_deck":["AscendersBane","Strike_B","Strike_B","Strike_B","Strike_B","Defend_B","Defend_B","Defend_B","Defend_B","Zap+1","Dualcast+1","Cold Snap","Barrage","Sweeping Beam+1","FTL","Genetic Algorithm","Hologram","Genetic Algorithm","Parasite","Genetic Algorithm","Compile Driver"],"relics":["Cracked Core","Oddly Smooth Stone","Boot","Bag of Preparation","The Courier","Lantern"],"potions_floor_usage":[6,10,10],"damage_taken":[{"damage":0,"enemies":"Cultist","floor":1,"turns":3},{"damage":0,"enemies":"2 Louse","floor":4,"turns":3},{"damage":5,"enemies":"Jaw Worm","floor":5,"turns":2},{"damage":6,"enemies":"Gremlin Nob","floor":6,"turns":3},{"damage":20,"enemies":"3 Sentries","floor":8,"turns":7},{"damage":2,"enemies":"Gremlin Nob","floor":10,"turns":3},{"damage":18,"enemies":"Lagavulin","floor":12,"turns":6},{"damage":0,"enemies":"Large Slime","floor":14,"turns":6},{"damage":60,"enemies":"Slime Boss","floor":16,"turns":9}],"seed_played":"-2500989821623332306","potions_obtained":[{"floor":4,"key":"Weak Potion"},{"floor":8,"key":"Ancient Potion"}],"is_trial":false,"path_per_floor":["M","?","$","M","M","E","R","E","T","E","?","E","R","M","R","B"],"character_chosen":"DEFECT","items_purchased":["Fire Potion"],"campfire_rested":2,"item_purchase_floors":[3],"current_hp_per_floor":[64,43,43,43,38,32,53,33,33,31,48,30,30,30,51,0],"gold":236,"neow_bonus":"THREE_CARDS","is_prod":false,"is_daily":false,"chose_seed":false,"campfire_upgraded":1,"win_rate":0,"timestamp":1552078940,"path_taken":["M","?","$","M","M","E","R","E","T","E","?","E","R","M","R","BOSS"],"build_version":"2019-02-06","purchased_purges":0,"victory":false,"max_hp_per_floor":[71,71,71,71,71,71,71,71,71,71,71,71,71,71,71,71],"card_choices":[{"not_picked":["Melter","Coolheaded"],"picked":"Cold Snap","floor":0},{"not_picked":["Aggregate","Blizzard"],"picked":"Barrage","floor":1},{"not_picked":["Heatsinks","Double Energy"],"picked":"Sweeping Beam","floor":4},{"not_picked":["Rebound","Barrage"],"picked":"FTL","floor":5},{"not_picked":["Stack","Loop"],"picked":"Genetic Algorithm","floor":6},{"not_picked":["Sweeping Beam","Chaos"],"picked":"Hologram","floor":8},{"not_picked":["Conserve Battery","Sweeping Beam"],"picked":"Genetic Algorithm","floor":10},{"not_picked":["Reinforced Body","Auto Shields"],"picked":"Genetic Algorithm","floor":12},{"not_picked":["Stack","Cold Snap"],"picked":"Compile Driver","floor":14}],"player_experience":5083210,"relics_obtained":[{"floor":6,"key":"Oddly Smooth Stone"},{"floor":8,"key":"Boot"},{"floor":9,"key":"Bag of Preparation"},{"floor":10,"key":"The Courier"},{"floor":12,"key":"Lantern"}],"event_choices":[{"damage_healed":0,"gold_gain":0,"player_choice":"Entered Light","damage_taken":21,"max_hp_gain":0,"max_hp_loss":0,"event_name":"Shining Light","floor":2,"gold_loss":0,"cards_upgraded":["Zap","Dualcast"]},{"damage_healed":17,"gold_gain":0,"player_choice":"Healed and dodged fight","damage_taken":0,"max_hp_gain":0,"max_hp_loss":0,"event_name":"Mushrooms","floor":11,"gold_loss":0,"cards_obtained":["Parasite"]}],"is_beta":true,"boss_relics":[],"items_purged_floors":[],"is_endless":false,"potions_floor_spawned":[4,8],"killed_by":"Slime Boss","ascension_level":20}