{"gold_per_floor":[114,61,61,131,131,161,172,172,196,226,243,276,292,48,48,48],"floor_reached":16,"playtime":959,"items_purged":["Strike_R"],"score":261,"play_id":"aa36d05a-334c-41f5-8e84-ca8728e7c940","local_time":"20190310125806","is_ascension_mode":true,"campfire_choices":[{"data":"Wild Strike","floor":8,"key":"SMITH"},{"floor":15,"key":"REST"}],"neow_cost":"PERCENT_DAMAGE","seed_source_timestamp":333364894909471,"circlet_count":0,"master_deck":["AscendersBane","Strike_R","Strike_R","Strike_R","Defend_R","Defend_R","Defend_R","Defend_R","Bash+1","Thunderclap","Wild Strike+1","Whirlwind","Power Through","Feed","Shrug It Off"],"relics":["Burning Blood","Pear","Potion Belt","PreservedInsect","Magic Flower","Pen Nib"],"potions_floor_usage":[6,10,16],"damage_taken":[{"damage":5,"enemies":"Small Slimes","floor":1,"turns":4},{"damage":30,"enemies":"Lagavulin","floor":6,"turns":5},{"damage":4,"enemies":"2 Louse","floor":7,"turns":3},{"damage":32,"enemies":"Gremlin Nob","floor":10,"turns":4},{"damage":2,"enemies":"Cultist","floor":11,"turns":4},{"damage":15,"enemies":"Lagavulin","floor":12,"turns":5},{"damage":6,"enemies":"2 Fungi Beasts","floor":13,"turns":3},{"damage":69,"enemies":"Slime Boss","floor":16,"turns":9}],"seed_played":"6031452464529524782","potions_obtained":[{"floor":1,"key":"Fire Potion"},{"floor":13,"key":"Block Potion"}],"is_trial":false,"path_per_floor":["M","$","?","?","?","E","M","R","T","E","M","E","M","$","R","B"],"character_chosen":"IRONCLAD","items_purchased":["Strength Potion","Pen Nib"],"campfire_rested":1,"item_purchase_floors":[2,14],"current_hp_per_floor":[65,65,65,65,65,51,53,53,53,27,31,22,30,30,60,0],"gold":48,"neow_bonus":"TWENTY_PERCENT_HP_BONUS","is_prod":false,"is_daily":false,"chose_seed":false,"campfire_upgraded":1,"win_rate":0,"timestamp":1552247886,"path_taken":["M","$","?","?","?","E","?","R","T","E","M","E","M","$","R","BOSS"],"build_version":"2019-02-06","purchased_purges":1,"victory":false,"max_hp_per_floor":[89,89,89,89,89,99,99,99,99,99,99,99,102,102,102,102],"card_choices":[{"not_picked":["Seeing Red","Intimidate","Bloodletting"],"picked":"SKIP","floor":1},{"not_picked":["Infernal Blade","Perfected Strike"],"picked":"Thunderclap","floor":6},{"not_picked":["Power Through","Warcry"],"picked":"Wild Strike","floor":7},{"not_picked":["Armaments","Pommel Strike"],"picked":"Whirlwind","floor":10},{"not_picked":["Sword Boomerang","Twin Strike"],"picked":"Power Through","floor":11},{"not_picked":["True Grit","Twin Strike"],"picked":"Feed","floor":12},{"not_picked":["Anger","Headbutt"],"picked":"Shrug It Off","floor":13}],"player_experience":5117342,"relics_obtained":[{"floor":6,"key":"Pear"},{"floor":9,"key":"Potion Belt"},{"floor":10,"key":"PreservedInsect"},{"floor":12,"key":"Magic Flower"}],"event_choices":[{"damage_healed":0,"gold_gain":0,"player_choice":"Grow","damage_taken":0,"max_hp_gain":0,"max_hp_loss":0,"event_name":"Living Wall","floor":3,"gold_loss":0,"cards_upgraded":["Bash"]},{"damage_healed":0,"gold_gain":70,"player_choice":"Gained Gold","damage_taken":0,"max_hp_gain":0,"max_hp_loss":0,"event_name":"Golden Wing","floor":4,"gold_loss":0},{"cards_removed":["Strike_R"],"damage_healed":0,"gold_gain":0,"player_choice":"Offered Basic","damage_taken":0,"max_hp_gain":0,"max_hp_loss":0,"event_name":"Bonfire Elementals","floor":5,"gold_loss":0}],"is_beta":true,"boss_relics":[],"items_purged_floors":[14],"is_endless":false,"potions_floor_spawned":[1,13],"killed_by":"Slime Boss","ascension_level":20}