{"gold_per_floor":[110,110,128,53,53,53,53,87,87,155,230,230,250,269,269,364,364,383,383,40,58,83,119,139,139,193,212,256,181,81,105,105,200,200,224,238,363,12,62,398,398,418,418,418,449,464,489,226,226,226,226,226,226,15,46,46],"floor_reached":57,"playtime":5194,"items_purged":["Strike_R","Strike_R+1","Anger+1"],"score":2795,"play_id":"06ffc2f8-793a-41cb-a433-107bcb3f9cd6","local_time":"20190312124836","is_ascension_mode":true,"campfire_choices":[{"data":"Bash","floor":6,"key":"SMITH"},{"floor":12,"key":"REST"},{"data":"Evolve","floor":15,"key":"SMITH"},{"floor":25,"key":"REST"},{"floor":32,"key":"REST"},{"floor":41,"key":"RECALL"},{"floor":44,"key":"REST"},{"floor":49,"key":"REST"},{"floor":53,"key":"REST"}],"neow_cost":"NONE","seed_source_timestamp":91542508209584,"circlet_count":0,"master_deck":["AscendersBane","Strike_R+1","Strike_R+1","Defend_R+1","Defend_R+1","Defend_R+1","Defend_R+1","Bash+1","Feed+1","Shrug It Off","Evolve+1","Immolate","Shrug It Off+1","Master of Strategy","Juggernaut+1","Battle Trance+1","Disarm","Disarm","Demon Form+1","Metallicize+1","Shrug It Off+1","Demon Form+1","Sword Boomerang","Disarm+1","Heavy Blade","Metallicize+1","Shockwave","Demon Form+1"],"relics":["Burning Blood","Regal Pillow","Anchor","Golden Idol","Art of War","Ginger","Tiny Chest","Fusion Hammer","Whetstone","Frozen Egg 2","War Paint","Self Forming Clay","Snecko Eye","Gambling Chip","Membership Card","Mummified Hand","Old Coin","Potion Belt","Bronze Scales","ClockworkSouvenir","Toy Ornithopter","Oddly Smooth Stone"],"potions_floor_usage":[10,16,24,28,28,33,56,56,56,56],"damage_taken":[{"damage":4,"enemies":"Small Slimes","floor":1,"turns":4},{"damage":2,"enemies":"Cultist","floor":3,"turns":4},{"damage":35,"enemies":"3 Sentries","floor":8,"turns":9},{"damage":25,"enemies":"Lagavulin","floor":10,"turns":5},{"damage":4,"enemies":"Jaw Worm","floor":13,"turns":4},{"damage":4,"enemies":"3 Louse","floor":14,"turns":4},{"damage":28,"enemies":"Slime Boss","floor":16,"turns":10},{"damage":16,"enemies":"2 Thieves","floor":18,"turns":4},{"damage":8,"enemies":"Shell Parasite","floor":21,"turns":6},{"damage":13,"enemies":"Shelled Parasite and Fungi","floor":22,"turns":7},{"damage":42,"enemies":"Gremlin Leader","floor":23,"turns":6},{"damage":6,"enemies":"Snake Plant","floor":24,"turns":3},{"damage":18,"enemies":"Chosen and Byrds","floor":27,"turns":6},{"damage":20,"enemies":"Slavers","floor":28,"turns":4},{"damage":3,"enemies":"Shelled Parasite and Fungi","floor":31,"turns":7},{"damage":1,"enemies":"Champ","floor":33,"turns":10},{"damage":4,"enemies":"3 Shapes","floor":35,"turns":5},{"damage":21,"enemies":"3 Darklings","floor":36,"turns":6},{"damage":0,"enemies":"Mind Bloom Boss Battle","floor":37,"turns":4},{"damage":0,"enemies":"Reptomancer","floor":40,"turns":6},{"damage":6,"enemies":"Sphere and 2 Shapes","floor":42,"turns":5},{"damage":37,"enemies":"Giant Head","floor":45,"turns":6},{"damage":0,"enemies":"Transient","floor":46,"turns":6},{"damage":10,"enemies":"3 Darklings","floor":47,"turns":5},{"damage":33,"enemies":"Time Eater","floor":50,"turns":9},{"damage":48,"enemies":"Donu and Deca","floor":51,"turns":6},{"damage":82,"enemies":"Shield and Spear","floor":55,"turns":6},{"damage":75,"enemies":"The Heart","floor":56,"turns":7}],"seed_played":"-3622341515065452670","potions_obtained":[{"floor":3,"key":"EntropicBrew"},{"floor":8,"key":"Strength Potion"},{"floor":10,"key":"SteroidPotion"},{"floor":16,"key":"Strength Potion"},{"floor":28,"key":"Strength Potion"},{"floor":33,"key":"Weak Potion"},{"floor":35,"key":"EssenceOfSteel"},{"floor":42,"key":"Ancient Potion"},{"floor":47,"key":"PowerPotion"}],"is_trial":false,"path_per_floor":["M","?","M","$","?","R","?","E","T","E","?","R","M","M","R","B",null,"M","?","$","M","M","E","M","R","T","M","E","?","$","M","R","B",null,"M","M","?","$","?","E","R","M","T","R","E","M","M","$","R","B","B",null,"R","$","E","B",null],"character_chosen":"IRONCLAD","items_purchased":["Whetstone","Master of Strategy","Membership Card","Mummified Hand","Bronze Scales","ClockworkSouvenir","Toy Ornithopter","Metallicize+1","Shockwave","LiquidBronze"],"campfire_rested":6,"item_purchase_floors":[20,20,38,38,48,48,54,54,54,54],"current_hp_per_floor":[70,70,74,74,74,74,68,39,39,20,9,44,49,54,54,35,67,60,60,60,62,59,23,23,64,64,56,46,46,46,53,98,104,104,108,97,107,107,96,106,106,110,110,124,93,99,99,99,128,101,63,115,132,132,56,11],"gold":46,"neow_bonus":"RANDOM_COMMON_RELIC","is_prod":false,"is_daily":false,"chose_seed":false,"campfire_upgraded":2,"win_rate":0,"timestamp":1552420116,"path_taken":["M","?","?","$","?","R","?","E","T","E","?","R","M","M","R","BOSS","M","?","?","?","M","E","M","R","T","M","E","?","$","M","R","BOSS","M","M","?","$","?","E","R","?","T","R","E","M","M","$","R","BOSS","BOSS","R","$","E","BOSS"],"build_version":"2019-02-06","purchased_purges":3,"victory":true,"max_hp_per_floor":[75,75,75,75,75,75,68,68,68,68,68,68,71,74,74,77,77,80,80,80,84,88,88,88,88,88,92,96,96,96,100,100,104,104,108,112,116,116,116,120,120,124,124,124,124,124,128,128,128,128,132,132,132,132,132,136],"card_choices":[{"not_picked":["True Grit","Flex"],"picked":"Headbutt","floor":1},{"not_picked":["Thunderclap","Flame Barrier"],"picked":"Anger","floor":3},{"not_picked":["Seeing Red","Cleave"],"picked":"Feed","floor":8},{"not_picked":["Thunderclap","Whirlwind"],"picked":"Shrug It Off","floor":10},{"not_picked":["Anger","Sentinel","Havoc"],"picked":"SKIP","floor":13},{"not_picked":["Headbutt","Iron Wave"],"picked":"Evolve","floor":14},{"not_picked":["Bludgeon","Juggernaut"],"picked":"Immolate","floor":16},{"not_picked":["True Grit","Havoc"],"picked":"Shrug It Off","floor":18},{"not_picked":["Dropkick","Entrench","Hemokinesis"],"picked":"SKIP","floor":21},{"not_picked":["Clothesline","Evolve","Wild Strike"],"picked":"SKIP","floor":22},{"not_picked":["Cleave","Iron Wave"],"picked":"Juggernaut","floor":23},{"not_picked":["Rampage","Whirlwind"],"picked":"Battle Trance","floor":24},{"not_picked":["Clothesline","Havoc"],"picked":"Disarm","floor":27},{"not_picked":["Iron Wave","Evolve+1","Carnage"],"picked":"SKIP","floor":28},{"not_picked":["Cleave+1","Shrug It Off"],"picked":"Disarm","floor":31},{"not_picked":["Juggernaut+1","Berserk+1"],"picked":"Demon Form+1","floor":33},{"not_picked":["Warcry+1","Perfected Strike"],"picked":"Metallicize+1","floor":35},{"not_picked":["Reckless Charge","Wild Strike","Sever Soul"],"picked":"SKIP","floor":36},{"not_picked":["Flex","True Grit"],"picked":"Shrug It Off+1","floor":37},{"not_picked":["Rupture+1","Pommel Strike+1"],"picked":"Demon Form+1","floor":40},{"not_picked":["Pommel Strike+1","Evolve+1"],"picked":"Sword Boomerang","floor":42},{"not_picked":["Shrug It Off","Heavy Blade"],"picked":"Disarm+1","floor":45},{"not_picked":["Ghostly Armor+1","Second Wind","True Grit"],"picked":"SKIP","floor":46},{"not_picked":["Pommel Strike","Disarm"],"picked":"Heavy Blade","floor":47},{"not_picked":["Metallicize+1","Armaments"],"picked":"Demon Form+1","floor":55}],"player_experience":5135830,"relics_obtained":[{"floor":8,"key":"Art of War"},{"floor":9,"key":"Ginger"},{"floor":10,"key":"Tiny Chest"},{"floor":23,"key":"Frozen Egg 2"},{"floor":26,"key":"War Paint"},{"floor":28,"key":"Self Forming Clay"},{"floor":37,"key":"Gambling Chip"},{"floor":40,"key":"Old Coin"},{"floor":45,"key":"Potion Belt"},{"floor":55,"key":"Oddly Smooth Stone"}],"event_choices":[{"cards_removed":["Headbutt"],"damage_healed":0,"gold_gain":0,"player_choice":"Gave Card","damage_taken":0,"relics_obtained":["Anchor"],"max_hp_gain":0,"max_hp_loss":0,"event_name":"WeMeetAgain","floor":2,"gold_loss":0},{"damage_healed":0,"gold_gain":0,"player_choice":"Ignored","damage_taken":0,"max_hp_gain":0,"max_hp_loss":0,"event_name":"Liars Game","floor":5,"gold_loss":0},{"damage_healed":0,"gold_gain":0,"player_choice":"Lose Max HP","damage_taken":0,"relics_obtained":["Golden Idol"],"max_hp_gain":0,"max_hp_loss":7,"event_name":"Golden Idol","floor":7,"gold_loss":0},{"damage_healed":0,"gold_gain":75,"player_choice":"Gather Gold","damage_taken":11,"max_hp_gain":0,"max_hp_loss":0,"event_name":"World of Goop","floor":11,"gold_loss":0},{"damage_healed":0,"gold_gain":0,"player_choice":"Simplicity","damage_taken":0,"max_hp_gain":0,"max_hp_loss":0,"event_name":"Back to Basics","floor":19,"gold_loss":0,"cards_upgraded":["Strike_R","Strike_R","Strike_R","Strike_R","Defend_R","Defend_R","Defend_R","Defend_R"]},{"cards_removed":["Strike_R"],"damage_healed":0,"gold_gain":0,"player_choice":"Gave Gold","damage_taken":0,"max_hp_gain":0,"max_hp_loss":0,"event_name":"Beggar","floor":29,"gold_loss":75},{"damage_healed":0,"gold_gain":0,"player_choice":"Fight","damage_taken":0,"max_hp_gain":0,"max_hp_loss":0,"event_name":"MindBloom","floor":37,"gold_loss":0},{"damage_healed":0,"gold_gain":50,"player_choice":"Touch","damage_taken":11,"max_hp_gain":0,"max_hp_loss":0,"event_name":"FaceTrader","floor":39,"gold_loss":0}],"is_beta":true,"boss_relics":[{"not_picked":["Eternal Feather","Sozu"],"picked":"Fusion Hammer"},{"not_picked":["Black Star","White Beast Statue"],"picked":"Snecko Eye"}],"items_purged_floors":[4,30,48],"is_endless":false,"potions_floor_spawned":[3,8,10,16,22,23,28,33,35,37,40,42,47],"ascension_level":20}