{"gold_per_floor":[109,122,136,101,12,12,44,44,74,106,156,81,99,118,118,195,195,209,254,254,272,272,272,288,313,313,326,340,340,340,340],"floor_reached":31,"playtime":2399,"items_purged":["Strike_B"],"score":530,"play_id":"00f0d113-898d-4fcb-baaa-fbcf481eea8e","local_time":"20190309132100","is_ascension_mode":true,"campfire_choices":[{"data":"Zap","floor":6,"key":"SMITH"},{"data":"Defragment","floor":8,"key":"SMITH"},{"data":"Dualcast","floor":15,"key":"SMITH"},{"floor":23,"key":"REST"},{"floor":30,"key":"REST"}],"neow_cost":"NONE","seed_source_timestamp":250498947555769,"circlet_count":0,"master_deck":["AscendersBane","Strike_B","Strike_B","Strike_B","Defend_B","Defend_B","Defend_B","Defend_B","Zap+1","Dualcast+1","Doom and Gloom","BootSequence","Leap","Glacier","Defragment+1","Sweeping Beam","Coolheaded","All For One","Creative AI","Reprogram+1","Chill","Conserve Battery+1","Recycle+1","Decay"],"relics":["Cracked Core","Bag of Preparation","Bottled Lightning","Tiny Chest","Gremlin Horn","Black Star","Art of War","The Courier","Toxic Egg 2","Singing Bowl","Pantograph"],"potions_floor_usage":[10,24,25,31],"damage_taken":[{"damage":1,"enemies":"Cultist","floor":1,"turns":3},{"damage":19,"enemies":"Small Slimes","floor":2,"turns":4},{"damage":2,"enemies":"Jaw Worm","floor":3,"turns":3},{"damage":10,"enemies":"Lagavulin","floor":7,"turns":9},{"damage":14,"enemies":"Gremlin Nob","floor":10,"turns":4},{"damage":0,"enemies":"Gremlin Gang","floor":13,"turns":2},{"damage":3,"enemies":"Exordium Wildlife","floor":14,"turns":5},{"damage":18,"enemies":"The Guardian","floor":16,"turns":13},{"damage":12,"enemies":"Spheric Guardian","floor":18,"turns":7},{"damage":9,"enemies":"Chosen","floor":21,"turns":6},{"damage":5,"enemies":"Snecko","floor":24,"turns":6},{"damage":17,"enemies":"Slavers","floor":25,"turns":8},{"damage":17,"enemies":"Chosen and Byrds","floor":27,"turns":6},{"damage":5,"enemies":"Shelled Parasite and Fungi","floor":28,"turns":9},{"damage":42,"enemies":"Gremlin Leader","floor":31,"turns":5}],"seed_played":"-5093964566222965978","potions_obtained":[{"floor":1,"key":"Regen Potion"},{"floor":14,"key":"Weak Potion"},{"floor":16,"key":"Poison Potion"},{"floor":28,"key":"Block Potion"}],"is_trial":false,"path_per_floor":["M","M","M","?","$","R","E","R","T","E","?","$","M","M","R","B",null,"M","T","T","M","T","R","M","E","T","M","M","?","R","E"],"character_chosen":"DEFECT","items_purchased":["Glacier"],"campfire_rested":2,"item_purchase_floors":[5],"current_hp_per_floor":[63,44,42,59,59,59,49,49,49,47,40,40,40,37,37,19,58,46,46,46,37,37,58,53,36,36,21,16,16,37,0],"gold":340,"neow_bonus":"RANDOM_COMMON_RELIC","is_prod":false,"is_daily":false,"chose_seed":false,"campfire_upgraded":3,"win_rate":0,"timestamp":1552166460,"path_taken":["M","?","M","?","$","R","E","R","T","E","?","$","M","M","R","BOSS","M","?","?","?","?","R","M","E","T","M","M","?","R","E"],"build_version":"2019-02-06","purchased_purges":1,"victory":false,"max_hp_per_floor":[71,71,71,71,71,71,71,71,71,71,71,71,71,71,71,71,71,71,71,71,71,71,71,71,71,71,73,73,73,73,73],"card_choices":[{"not_picked":["Ball Lightning","Rebound"],"picked":"Doom and Gloom","floor":1},{"not_picked":["Go for the Eyes","Sweeping Beam"],"picked":"BootSequence","floor":2},{"not_picked":["Auto Shields","Streamline"],"picked":"Leap","floor":3},{"not_picked":["Blizzard","Scrape"],"picked":"Defragment","floor":7},{"not_picked":["Turbo","Streamline"],"picked":"Sweeping Beam","floor":10},{"not_picked":["Beam Cell","Conserve Battery"],"picked":"Coolheaded","floor":13},{"not_picked":["Aggregate","Redo"],"picked":"All For One","floor":14},{"not_picked":["Thunder Strike","Amplify"],"picked":"Creative AI","floor":16},{"not_picked":["Sweeping Beam","White Noise"],"picked":"Reprogram+1","floor":18},{"not_picked":["Coolheaded","Glacier"],"picked":"Chill","floor":21},{"not_picked":["Leap","Hello World","Rebound"],"picked":"SKIP","floor":24},{"not_picked":["Melter","White Noise"],"picked":"Conserve Battery","floor":25},{"not_picked":["Streamline","Steam+1","Conserve Battery+1"],"picked":"Singing Bowl","floor":27},{"not_picked":["Barrage+1","Leap+1"],"picked":"Recycle+1","floor":28}],"player_experience":5103783,"relics_obtained":[{"floor":7,"key":"Bottled Lightning"},{"floor":9,"key":"Tiny Chest"},{"floor":10,"key":"Gremlin Horn"},{"floor":19,"key":"Art of War"},{"floor":22,"key":"The Courier"},{"floor":25,"key":"Toxic Egg 2"},{"floor":25,"key":"Singing Bowl"},{"floor":26,"key":"Pantograph"}],"event_choices":[{"damage_healed":17,"gold_gain":0,"player_choice":"Healed","damage_taken":0,"max_hp_gain":0,"max_hp_loss":0,"event_name":"The Cleric","floor":4,"gold_loss":35},{"damage_healed":0,"gold_gain":50,"player_choice":"Touch","damage_taken":7,"max_hp_gain":0,"max_hp_loss":0,"event_name":"FaceTrader","floor":11,"gold_loss":0},{"damage_healed":0,"gold_gain":0,"player_choice":"Smashed Altar","damage_taken":0,"max_hp_gain":0,"max_hp_loss":0,"event_name":"Forgotten Altar","floor":29,"gold_loss":0,"cards_obtained":["Decay"]}],"is_beta":true,"boss_relics":[{"not_picked":["FrozenCore","Empty Cage"],"picked":"Black Star"}],"items_purged_floors":[12],"is_endless":false,"potions_floor_spawned":[1,14,16,18,28],"killed_by":"Gremlin Leader","ascension_level":20}