{"gold_per_floor":[118,118,134,144,69,69,101,116,116,133,163,4,4,22,22,96,96,106,116,15,27,27,27,38,70,70,70,98,122,142,159,159,236,236,252,264,264,275,285,285,316,316,316,347,447,459,459,95,95,95,95,95,95,36,65,65],"floor_reached":56,"playtime":6352,"items_purged":["Strike_B","Strike_B"],"score":1968,"play_id":"65237158-a6d9-454b-8a7b-dd25d73b46b3","local_time":"20190317134741","is_ascension_mode":true,"campfire_choices":[{"data":"Sunder","floor":6,"key":"SMITH"},{"data":"Darkness","floor":13,"key":"SMITH"},{"data":"Loop","floor":15,"key":"SMITH"},{"data":"Zap","floor":23,"key":"SMITH"},{"data":"Coolheaded","floor":27,"key":"SMITH"},{"floor":32,"key":"REST"},{"data":"Fission","floor":40,"key":"SMITH"},{"floor":42,"key":"RECALL"},{"data":"Static Discharge","floor":49,"key":"SMITH"},{"floor":53,"key":"REST"}],"neow_cost":"NONE","seed_source_timestamp":6331154584075,"circlet_count":0,"master_deck":["AscendersBane","Strike_B","Defend_B","Defend_B","Defend_B","Defend_B","Zap+1","Conserve Battery","Sunder+1","Coolheaded+1","Cold Snap","Loop+1","Compile Driver","Darkness+1","Coolheaded","Sweeping Beam+1","Hyperbeam+1","Beam Cell+1","Go for the Eyes+1","PanicButton","Conserve Battery","Chill","Rebound+1","Fission+1","Compile Driver+1","Skim","Core Surge+1","Glacier","Coolheaded","Glacier","Static Discharge+1","Cold Snap+1","Steam","Thunder Strike+1"],"relics":["Cracked Core","Mercury Hourglass","Molten Egg 2","Pantograph","Runic Pyramid","Symbiotic Virus","Dream Catcher","DataDisk","Blood Vial","Busted Crown","Emotion Chip","Pocketwatch","Peace Pipe","Kunai","Gambling Chip"],"potions_floor_usage":[21,25,56,56],"damage_taken":[{"damage":0,"enemies":"2 Louse","floor":1,"turns":2},{"damage":0,"enemies":"Cultist","floor":3,"turns":2},{"damage":7,"enemies":"Jaw Worm","floor":4,"turns":4},{"damage":9,"enemies":"Lagavulin","floor":7,"turns":7},{"damage":0,"enemies":"Large Slime","floor":8,"turns":4},{"damage":7,"enemies":"Looter","floor":10,"turns":3},{"damage":9,"enemies":"3 Sentries","floor":11,"turns":8},{"damage":0,"enemies":"Exordium Thugs","floor":14,"turns":3},{"damage":23,"enemies":"Hexaghost","floor":16,"turns":7},{"damage":0,"enemies":"Spheric Guardian","floor":18,"turns":3},{"damage":11,"enemies":"3 Byrds","floor":19,"turns":3},{"damage":0,"enemies":"Snake Plant","floor":21,"turns":3},{"damage":0,"enemies":"Snecko","floor":24,"turns":4},{"damage":0,"enemies":"Book of Stabbing","floor":25,"turns":4},{"damage":8,"enemies":"Slavers","floor":28,"turns":3},{"damage":9,"enemies":"Centurion and Healer","floor":30,"turns":4},{"damage":16,"enemies":"Shelled Parasite and Fungi","floor":31,"turns":3},{"damage":44,"enemies":"Champ","floor":33,"turns":10},{"damage":9,"enemies":"3 Shapes","floor":35,"turns":2},{"damage":8,"enemies":"Orb Walker","floor":36,"turns":2},{"damage":0,"enemies":"Maw","floor":38,"turns":7},{"damage":0,"enemies":"Transient","floor":39,"turns":6},{"damage":4,"enemies":"Reptomancer","floor":41,"turns":8},{"damage":33,"enemies":"Giant Head","floor":44,"turns":8},{"damage":0,"enemies":"Mind Bloom Boss Battle","floor":45,"turns":6},{"damage":0,"enemies":"Jaw Worm Horde","floor":46,"turns":1},{"damage":34,"enemies":"Awakened One","floor":50,"turns":41},{"damage":55,"enemies":"Time Eater","floor":51,"turns":13},{"damage":46,"enemies":"Shield and Spear","floor":55,"turns":12},{"damage":60,"enemies":"The Heart","floor":56,"turns":6}],"seed_played":"2174542219849633685","potions_obtained":[{"floor":3,"key":"AttackPotion"},{"floor":4,"key":"GamblersBrew"},{"floor":8,"key":"Strength Potion"},{"floor":16,"key":"PowerPotion"},{"floor":19,"key":"Block Potion"},{"floor":24,"key":"FocusPotion"},{"floor":28,"key":"Fire Potion"},{"floor":36,"key":"PowerPotion"}],"is_trial":false,"path_per_floor":["M","?","M","M","$","R","E","M","T","M","E","$","R","M","R","B",null,"M","M","$","M","$","R","M","E","T","R","E","T","M","M","R","B",null,"M","M","?","M","M","R","E","R","T","E","?","M","?","$","R","B","B",null,"R","$","E","B"],"character_chosen":"DEFECT","items_purchased":["Sweeping Beam+1","PanicButton","Kunai","Static Discharge","Steam"],"campfire_rested":2,"item_purchase_floors":[12,20,48,48,54],"current_hp_per_floor":[64,64,64,57,57,57,48,48,48,41,32,32,32,32,32,34,62,62,51,51,51,51,51,51,51,51,51,43,43,36,22,43,26,60,53,47,47,49,51,51,49,49,49,18,45,47,47,47,47,33,5,52,67,67,21,0],"gold":65,"neow_bonus":"THREE_CARDS","is_prod":false,"is_daily":false,"chose_seed":false,"campfire_upgraded":7,"win_rate":0,"timestamp":1552855661,"path_taken":["M","?","M","M","$","R","E","M","T","M","E","$","R","M","R","BOSS","M","M","$","?","?","R","M","E","T","R","E","?","M","M","R","BOSS","M","M","?","M","M","R","E","R","T","E","?","M","?","$","R","BOSS","BOSS","R","$","E","BOSS"],"build_version":"2019-03-15","purchased_purges":2,"victory":false,"max_hp_per_floor":[71,71,71,71,71,71,71,71,71,71,71,71,71,71,71,71,71,71,71,71,71,71,71,71,71,71,71,71,71,71,71,71,71,71,71,71,71,71,71,71,71,71,71,71,71,71,67,67,67,67,67,67,67,67,67,67],"card_choices":[{"not_picked":["Rebound","Turbo"],"picked":"Conserve Battery","floor":0},{"not_picked":["Turbo","Reprogram"],"picked":"Sunder","floor":1},{"not_picked":["Turbo","Barrage"],"picked":"Coolheaded","floor":3},{"not_picked":["Double Energy","Steam"],"picked":"Cold Snap","floor":4},{"not_picked":["Streamline","Force Field"],"picked":"Loop","floor":7},{"not_picked":["Recycle","Chaos"],"picked":"Compile Driver","floor":8},{"not_picked":["Rip and Tear+1","Cold Snap+1"],"picked":"Darkness","floor":10},{"not_picked":["Scrape+1","Cold Snap+1"],"picked":"Coolheaded","floor":11},{"not_picked":["Turbo","Creative AI","Rip and Tear+1"],"picked":"SKIP","floor":14},{"not_picked":["Amplify","All For One+1"],"picked":"Hyperbeam+1","floor":16},{"not_picked":["Stack","Ball Lightning+1"],"picked":"Beam Cell+1","floor":18},{"not_picked":["Darkness","Streamline+1"],"picked":"Go for the Eyes+1","floor":19},{"not_picked":["Melter+1","Streamline+1"],"picked":"Conserve Battery","floor":21},{"not_picked":["Compile Driver+1","Streamline+1"],"picked":"Chill","floor":24},{"not_picked":["Meteor Strike+1","Darkness"],"picked":"Rebound+1","floor":25},{"not_picked":["Storm","Cold Snap+1","Go for the Eyes+1"],"picked":"SKIP","floor":28},{"not_picked":["Redo","Gash+1"],"picked":"Fission","floor":30},{"not_picked":["Hello World","Rebound+1"],"picked":"Compile Driver+1","floor":31},{"not_picked":["Auto Shields","Fusion"],"picked":"Skim","floor":32},{"not_picked":["All For One+1","Thunder Strike+1"],"picked":"Core Surge+1","floor":33},{"not_picked":[],"picked":"Glacier","floor":35},{"not_picked":["Conserve Battery"],"picked":"SKIP","floor":36},{"not_picked":[],"picked":"Coolheaded","floor":38},{"not_picked":[],"picked":"Glacier","floor":39},{"not_picked":["Steam"],"picked":"SKIP","floor":41},{"not_picked":["Rebound+1"],"picked":"SKIP","floor":44},{"not_picked":["Compile Driver+1"],"picked":"SKIP","floor":46},{"not_picked":[],"picked":"Cold Snap+1","floor":53},{"not_picked":[],"picked":"Thunder Strike+1","floor":55}],"player_experience":5211502,"relics_obtained":[{"floor":7,"key":"Mercury Hourglass"},{"floor":9,"key":"Molten Egg 2"},{"floor":11,"key":"Pantograph"},{"floor":25,"key":"Symbiotic Virus"},{"floor":26,"key":"Dream Catcher"},{"floor":28,"key":"DataDisk"},{"floor":29,"key":"Blood Vial"},{"floor":41,"key":"Emotion Chip"},{"floor":44,"key":"Pocketwatch"},{"floor":45,"key":"Peace Pipe"},{"floor":55,"key":"Gambling Chip"}],"event_choices":[{"cards_removed":["Strike_B"],"damage_healed":0,"gold_gain":0,"player_choice":"Purged","damage_taken":0,"max_hp_gain":0,"max_hp_loss":0,"event_name":"Purifier","floor":2,"gold_loss":0},{"cards_removed":["Dualcast"],"damage_healed":0,"gold_gain":0,"player_choice":"Removed Skill","damage_taken":0,"max_hp_gain":0,"max_hp_loss":0,"event_name":"Falling","floor":37,"gold_loss":0},{"damage_healed":0,"gold_gain":0,"player_choice":"Fight","damage_taken":0,"max_hp_gain":0,"max_hp_loss":0,"event_name":"MindBloom","floor":45,"gold_loss":0},{"damage_healed":0,"gold_gain":0,"player_choice":"Max HP","damage_taken":0,"max_hp_gain":0,"max_hp_loss":4,"event_name":"Winding Halls","floor":47,"gold_loss":0}],"is_beta":true,"boss_relics":[{"not_picked":["Runic Dome","Fusion Hammer"],"picked":"Runic Pyramid"},{"not_picked":["Nuclear Battery","Snecko Eye"],"picked":"Busted Crown"}],"items_purged_floors":[5,12],"is_endless":false,"potions_floor_spawned":[3,4,8,14,16,19,24,28,35,36,41],"killed_by":"The Heart","ascension_level":20}