{"gold_per_floor":[15,15,28,45,58,58,76,76,76,104,118,145,165,200,200,274,274,292,312,76,76,76,76,111,111,111,126,156,168,259,286,298,388,400,428,2,52,67,67,100,118,144,171,196,209,221,266,283,283,283,283,283,283,51,82,82],"floor_reached":57,"playtime":6002,"items_purged":["Strike_G","Venomology+1","Defend_G"],"score":3283,"play_id":"96bc19bc-88dd-4ae7-b9d7-fccc225b1b40","local_time":"20190309155633","is_ascension_mode":true,"campfire_choices":[{"data":"Neutralize","floor":6,"key":"SMITH"},{"data":"Deadly Poison","floor":15,"key":"SMITH"},{"floor":23,"key":"REST"},{"floor":32,"key":"REST"},{"floor":49,"key":"RECALL"},{"floor":53,"key":"REST"}],"neow_cost":"NO_GOLD","seed_source_timestamp":256191667622790,"circlet_count":0,"master_deck":["AscendersBane","Defend_G","Defend_G","Defend_G","Survivor","Neutralize+1","Deadly Poison","Deadly Poison+1","Backflip","Poisoned Stab","Backstab","PiercingWail","Dodge and Roll","Backstab","Dash","Footwork","Escape Plan","Wraith Form v2","Backflip","Cloak And Dagger","Wraith Form v2","Ghostly","Ghostly","Ghostly","Calculated Gamble","Caltrops+1","Dodge and Roll","Backflip","After Image","Flying Knee+1","Distraction+1","Noxious Fumes","PiercingWail","Acrobatics+1","Backflip","PiercingWail","Well Laid Plans","Backflip","PiercingWail+1","Backflip","Cloak And Dagger+1","Caltrops+1"],"relics":["Ring of the Snake","Prayer Wheel","Kunai","Gremlin Horn","StoneCalendar","Mercury Hourglass","Fusion Hammer","Nilry\u0027s Codex","Anchor","CultistMask","MawBank","Dodecahedron","Astrolabe","Membership Card","Thread and Needle","Ginger","Ice Cream","Potion Belt","Shuriken","Tingsha","Medical Kit","Orichalcum"],"potions_floor_usage":[5,10,10,18,42,50,51,55,56,56,56,56,56,56,56],"damage_taken":[{"damage":16,"enemies":"Jaw Worm","floor":1,"turns":6},{"damage":0,"enemies":"Cultist","floor":3,"turns":3},{"damage":1,"enemies":"2 Louse","floor":4,"turns":3},{"damage":1,"enemies":"Red Slaver","floor":5,"turns":3},{"damage":0,"enemies":"Blue Slaver","floor":7,"turns":4},{"damage":0,"enemies":"Gremlin Nob","floor":10,"turns":3},{"damage":0,"enemies":"3 Louse","floor":11,"turns":5},{"damage":6,"enemies":"Lagavulin","floor":12,"turns":7},{"damage":0,"enemies":"Gremlin Gang","floor":13,"turns":4},{"damage":2,"enemies":"3 Sentries","floor":14,"turns":7},{"damage":7,"enemies":"Hexaghost","floor":16,"turns":8},{"damage":0,"enemies":"3 Byrds","floor":18,"turns":5},{"damage":2,"enemies":"2 Thieves","floor":19,"turns":4},{"damage":0,"enemies":"Book of Stabbing","floor":24,"turns":7},{"damage":0,"enemies":"3 Cultists","floor":27,"turns":7},{"damage":0,"enemies":"Slavers","floor":28,"turns":7},{"damage":0,"enemies":"Shelled Parasite and Fungi","floor":31,"turns":5},{"damage":26,"enemies":"Automaton","floor":33,"turns":12},{"damage":0,"enemies":"Orb Walker","floor":35,"turns":4},{"damage":0,"enemies":"3 Shapes","floor":38,"turns":6},{"damage":0,"enemies":"Giant Head","floor":40,"turns":17},{"damage":0,"enemies":"3 Darklings","floor":41,"turns":7},{"damage":0,"enemies":"Nemesis","floor":42,"turns":9},{"damage":0,"enemies":"Reptomancer","floor":44,"turns":7},{"damage":0,"enemies":"Spire Growth","floor":45,"turns":7},{"damage":0,"enemies":"Writhing Mass","floor":46,"turns":7},{"damage":3,"enemies":"2 Orb Walkers","floor":47,"turns":6},{"damage":0,"enemies":"Sphere and 2 Shapes","floor":48,"turns":7},{"damage":0,"enemies":"Awakened One","floor":50,"turns":17},{"damage":2,"enemies":"Time Eater","floor":51,"turns":21},{"damage":0,"enemies":"Shield and Spear","floor":55,"turns":10},{"damage":7,"enemies":"The Heart","floor":56,"turns":12}],"seed_played":"-5960008834210258625","potions_obtained":[{"floor":4,"key":"Swift Potion"},{"floor":7,"key":"Fire Potion"},{"floor":8,"key":"Fire Potion"},{"floor":8,"key":"Poison Potion"},{"floor":10,"key":"EntropicBrew"},{"floor":12,"key":"Swift Potion"},{"floor":18,"key":"GhostInAJar"},{"floor":42,"key":"Strength Potion"},{"floor":45,"key":"Block Potion"},{"floor":47,"key":"Weak Potion"}],"is_trial":false,"path_per_floor":["M","?","M","M","M","R","M","?","T","E","M","E","M","E","R","B",null,"M","M","$","?","?","R","E","?","T","M","E","?","T","M","R","B",null,"M","$","?","M","?","E","M","E","T","E","M","M","?","M","R","B","B",null,"R","$","E","B",null],"character_chosen":"THE_SILENT","items_purchased":["Wraith Form v2","Membership Card","Thread and Needle","Medical Kit","Block Potion","Explosive Potion"],"campfire_rested":3,"item_purchase_floors":[20,36,36,54,54,54],"current_hp_per_floor":[43,43,43,42,41,41,41,41,41,41,41,35,35,33,33,26,56,56,54,54,33,12,21,21,21,21,21,21,21,21,21,30,4,26,26,26,26,26,26,26,26,26,26,26,26,26,23,23,23,23,21,30,33,33,33,26],"gold":82,"neow_bonus":"ONE_RARE_RELIC","is_prod":false,"is_daily":false,"chose_seed":false,"campfire_upgraded":2,"win_rate":0,"timestamp":1552175793,"path_taken":["M","?","?","M","M","R","M","?","T","E","?","E","M","E","R","BOSS","M","M","$","?","?","R","E","?","T","?","E","?","?","M","R","BOSS","M","?","?","?","?","E","M","E","T","E","M","?","?","M","R","BOSS","BOSS","R","$","E","BOSS"],"build_version":"2019-02-06","purchased_purges":3,"victory":true,"max_hp_per_floor":[66,66,66,66,66,66,66,66,66,66,66,66,66,66,66,66,66,66,66,66,33,33,33,33,33,33,33,33,33,33,33,33,33,33,33,33,33,33,33,33,33,33,33,33,33,33,33,33,33,33,33,33,33,33,33,33],"card_choices":[{"not_picked":["Bane","All Out Attack"],"picked":"Deadly Poison","floor":1},{"not_picked":["Riddle With Holes","Flying Knee"],"picked":"Deadly Poison","floor":1},{"not_picked":["Terror","Sucker Punch"],"picked":"Backflip","floor":3},{"not_picked":["Flechettes","Riddle With Holes","Outmaneuver"],"picked":"SKIP","floor":3},{"not_picked":["Finisher","Backflip"],"picked":"Poisoned Stab","floor":4},{"not_picked":["Deadly Poison","Prepared","Acrobatics"],"picked":"SKIP","floor":4},{"not_picked":["Dagger Spray","Prepared"],"picked":"Backstab","floor":5},{"not_picked":["Slice","Flying Knee","Outmaneuver"],"picked":"SKIP","floor":5},{"not_picked":["Acrobatics","Tactician"],"picked":"PiercingWail","floor":7},{"not_picked":["Outmaneuver","Envenom","Flying Knee"],"picked":"SKIP","floor":7},{"not_picked":["Calculated Gamble","All Out Attack"],"picked":"Dodge and Roll","floor":10},{"not_picked":["Backflip","Quick Slash"],"picked":"Backstab","floor":11},{"not_picked":["Outmaneuver","Slice","Eviscerate"],"picked":"SKIP","floor":11},{"not_picked":["Endless Agony","Deflect"],"picked":"Dash","floor":12},{"not_picked":["Accuracy","Underhanded Strike"],"picked":"Footwork","floor":13},{"not_picked":["Bane","Setup","All Out Attack"],"picked":"SKIP","floor":13},{"not_picked":["Deflect","Deadly Poison"],"picked":"Escape Plan","floor":14},{"not_picked":["Unload","Glass Knife"],"picked":"Wraith Form v2","floor":16},{"not_picked":["Dagger Spray","Heel Hook","Dagger Throw+1"],"picked":"SKIP","floor":18},{"not_picked":["Outmaneuver","Dagger Throw","Deadly Poison"],"picked":"SKIP","floor":18},{"not_picked":["Predator","Outmaneuver"],"picked":"Backflip","floor":19},{"not_picked":["Expertise","Blur"],"picked":"Cloak And Dagger","floor":19},{"not_picked":["Tactician","Cloak And Dagger"],"picked":"Calculated Gamble","floor":24},{"not_picked":["Endless Agony","Finisher"],"picked":"Caltrops+1","floor":27},{"not_picked":["Sucker Punch","Quick Slash","Bane+1"],"picked":"SKIP","floor":27},{"not_picked":["Heel Hook","Choke","Outmaneuver"],"picked":"SKIP","floor":28},{"not_picked":["Backstab","Skewer"],"picked":"Dodge and Roll","floor":31},{"not_picked":["Tactician","Quick Slash"],"picked":"Backflip","floor":31},{"not_picked":["Tools of the Trade","Burst"],"picked":"After Image","floor":33},{"not_picked":["Acrobatics","Outmaneuver+1","Sucker Punch"],"picked":"SKIP","floor":35},{"not_picked":["Outmaneuver","Concentrate","Cloak And Dagger"],"picked":"SKIP","floor":35},{"not_picked":["Acrobatics","Deadly Poison"],"picked":"Noxious Fumes","floor":38},{"not_picked":["Blur","Blade Dance","Cloak And Dagger"],"picked":"SKIP","floor":38},{"not_picked":["Blade Dance+1","A Thousand Cuts"],"picked":"PiercingWail","floor":40},{"not_picked":["Blade Dance","Skewer"],"picked":"Acrobatics+1","floor":41},{"not_picked":["Flechettes","Dodge and Roll+1","Sucker Punch"],"picked":"SKIP","floor":41},{"not_picked":["Sucker Punch","Expertise"],"picked":"Backflip","floor":42},{"not_picked":["Masterful Stab+1","Slice","Grand Finale"],"picked":"SKIP","floor":44},{"not_picked":["Quick Slash","Blade Dance"],"picked":"PiercingWail","floor":45},{"not_picked":["Distraction","Concentrate","Cloak And Dagger"],"picked":"SKIP","floor":45},{"not_picked":["Distraction+1","Riddle With Holes"],"picked":"Well Laid Plans","floor":46},{"not_picked":["Bullet Time","Poisoned Stab"],"picked":"Backflip","floor":46},{"not_picked":["Dodge and Roll","Quick Slash"],"picked":"PiercingWail+1","floor":47},{"not_picked":["Underhanded Strike","Dodge and Roll"],"picked":"Backflip","floor":48},{"not_picked":["Choke+1","Blade Dance"],"picked":"Cloak And Dagger+1","floor":48},{"not_picked":["Bane","Reflex"],"picked":"Caltrops+1","floor":55}],"player_experience":5109350,"relics_obtained":[{"floor":9,"key":"Kunai"},{"floor":10,"key":"Gremlin Horn"},{"floor":12,"key":"StoneCalendar"},{"floor":14,"key":"Mercury Hourglass"},{"floor":22,"key":"Nilry\u0027s Codex"},{"floor":24,"key":"Anchor"},{"floor":28,"key":"MawBank"},{"floor":30,"key":"Dodecahedron"},{"floor":40,"key":"Ginger"},{"floor":42,"key":"Ice Cream"},{"floor":43,"key":"Potion Belt"},{"floor":44,"key":"Shuriken"},{"floor":47,"key":"Tingsha"},{"floor":55,"key":"Orichalcum"}],"event_choices":[{"cards_removed":["Strike_G"],"damage_healed":0,"gold_gain":0,"player_choice":"Offered Basic","damage_taken":0,"max_hp_gain":0,"max_hp_loss":0,"event_name":"Bonfire Elementals","floor":2,"gold_loss":0},{"damage_healed":0,"gold_gain":0,"player_choice":"Got Potions","damage_taken":0,"max_hp_gain":0,"max_hp_loss":0,"event_name":"Lab","floor":8,"gold_loss":0},{"damage_healed":0,"gold_gain":0,"player_choice":"Became a Ghost","damage_taken":0,"max_hp_gain":0,"max_hp_loss":33,"event_name":"Ghosts","floor":21,"gold_loss":0,"cards_obtained":["Ghostly","Ghostly","Ghostly"]},{"damage_healed":0,"gold_gain":0,"player_choice":"Obtained Book","damage_taken":21,"max_hp_gain":0,"max_hp_loss":0,"event_name":"Cursed Tome","floor":22,"gold_loss":0},{"damage_healed":0,"gold_gain":0,"player_choice":"Trade","damage_taken":0,"relics_obtained":["CultistMask"],"max_hp_gain":0,"max_hp_loss":0,"event_name":"FaceTrader","floor":25,"gold_loss":0},{"damage_healed":0,"gold_gain":0,"player_choice":"Ignored","damage_taken":0,"max_hp_gain":0,"max_hp_loss":0,"event_name":"Vampires","floor":29,"gold_loss":0},{"damage_healed":0,"gold_gain":50,"player_choice":"Pray","damage_taken":0,"max_hp_gain":0,"max_hp_loss":0,"event_name":"Golden Shrine","floor":37,"gold_loss":0},{"cards_removed":["Defend_G"],"damage_healed":0,"gold_gain":0,"player_choice":"Purged","damage_taken":0,"max_hp_gain":0,"max_hp_loss":0,"event_name":"Purifier","floor":39,"gold_loss":0},{"damage_healed":0,"gold_gain":0,"player_choice":"Fight","damage_taken":0,"max_hp_gain":0,"max_hp_loss":0,"event_name":"Mysterious Sphere","floor":47,"gold_loss":0}],"is_beta":true,"boss_relics":[{"not_picked":["WristBlade","HoveringKite"],"picked":"Fusion Hammer"},{"not_picked":["Velvet Choker","Empty Cage"],"picked":"Astrolabe"}],"items_purged_floors":[20,36,54],"is_endless":false,"potions_floor_spawned":[4,7,10,12,14,16,18,28,33,40,42,45,47,48],"ascension_level":20}