{"gold_per_floor":[214,230,244,244,262,262,288,304,304,316,329,329,356,369,369,441,441,456,433,267,285,295,295,324,324,324,374,474,504,504,443,443,517,517,532,532,545,545,560,587,607,607,607,645,235,235,235,246,246,246],"floor_reached":50,"playtime":3554,"items_purged":[],"score":1133,"play_id":"2b4c1e6e-f52c-471a-8a81-fc380399d8eb","local_time":"20190308140213","is_ascension_mode":true,"campfire_choices":[{"data":"Bash","floor":6,"key":"SMITH"},{"floor":12,"key":"REST"},{"data":"True Grit","floor":15,"key":"SMITH"},{"floor":23,"key":"REST"},{"data":"Perfected Strike","floor":25,"key":"SMITH"},{"floor":32,"key":"REST"},{"floor":42,"key":"REST"},{"floor":46,"key":"RECALL"},{"floor":49,"key":"REST"}],"neow_cost":"NONE","seed_source_timestamp":165416887309420,"circlet_count":0,"master_deck":["AscendersBane","Strike_R","Strike_R","Strike_R","Strike_R","Strike_R","Defend_R","Defend_R","Defend_R","Defend_R","Bash+1","Anger","Shrug It Off","Feel No Pain","Metallicize","Shockwave","Perfected Strike+1","Twin Strike","Corruption","True Grit+1","Offering","Disarm","Sword Boomerang","Perfected Strike","Perfected Strike","Writhe","Feel No Pain","Feel No Pain","Shockwave","Perfected Strike","Mayhem","Flash of Steel","Writhe","Pommel Strike"],"relics":["Burning Blood","Regal Pillow","Matryoshka","Happy Flower","Busted Crown","Vajra","Unceasing Top","Letter Opener","The Courier","Nunchaku","Blue Candle","Magic Flower","Meat on the Bone","Centennial Puzzle","Fusion Hammer","PreservedInsect","MawBank","Pear"],"potions_floor_usage":[7,11,16,24,28,28,33,40,40],"damage_taken":[{"damage":14,"enemies":"Cultist","floor":1,"turns":6},{"damage":10,"enemies":"Small Slimes","floor":2,"turns":4},{"damage":2,"enemies":"Jaw Worm","floor":3,"turns":4},{"damage":3,"enemies":"Blue Slaver","floor":5,"turns":6},{"damage":36,"enemies":"Lagavulin","floor":7,"turns":8},{"damage":19,"enemies":"3 Louse","floor":8,"turns":4},{"damage":3,"enemies":"Looter","floor":10,"turns":5},{"damage":16,"enemies":"Exordium Thugs","floor":11,"turns":5},{"damage":20,"enemies":"3 Sentries","floor":13,"turns":14},{"damage":3,"enemies":"2 Fungi Beasts","floor":14,"turns":3},{"damage":28,"enemies":"The Guardian","floor":16,"turns":13},{"damage":8,"enemies":"Shell Parasite","floor":18,"turns":5},{"damage":23,"enemies":"2 Thieves","floor":19,"turns":4},{"damage":10,"enemies":"Snake Plant","floor":21,"turns":3},{"damage":8,"enemies":"Centurion and Healer","floor":22,"turns":6},{"damage":32,"enemies":"Book of Stabbing","floor":24,"turns":6},{"damage":11,"enemies":"Colosseum Slavers","floor":28,"turns":4},{"damage":1,"enemies":"Colosseum Nobs","floor":28,"turns":4},{"damage":25,"enemies":"Gremlin Leader","floor":29,"turns":6},{"damage":66,"enemies":"Automaton","floor":33,"turns":8},{"damage":12,"enemies":"3 Shapes","floor":35,"turns":7},{"damage":19,"enemies":"3 Darklings","floor":37,"turns":3},{"damage":7,"enemies":"Transient","floor":39,"turns":6},{"damage":38,"enemies":"Reptomancer","floor":40,"turns":7},{"damage":18,"enemies":"Spire Growth","floor":41,"turns":3},{"damage":68,"enemies":"Nemesis","floor":44,"turns":9},{"damage":19,"enemies":"Writhing Mass","floor":48,"turns":5},{"damage":88,"enemies":"Time Eater","floor":50,"turns":7}],"seed_played":"-8716654210237065393","potions_obtained":[{"floor":1,"key":"AttackPotion"},{"floor":2,"key":"Fire Potion"},{"floor":4,"key":"Regen Potion"},{"floor":7,"key":"Weak Potion"},{"floor":11,"key":"Ancient Potion"},{"floor":13,"key":"EssenceOfSteel"},{"floor":22,"key":"GamblersBrew"},{"floor":24,"key":"Swift Potion"},{"floor":29,"key":"Dexterity Potion"},{"floor":35,"key":"Poison Potion"},{"floor":37,"key":"Swift Potion"}],"is_trial":false,"path_per_floor":["M","M","M","?","M","R","E","M","T","M","M","R","E","M","R","B",null,"M","M","$","M","M","R","E","R","T","?","?","E","?","?","R","B",null,"M","?","M","?","M","E","M","R","T","E","$","R","?","M","R","B"],"character_chosen":"IRONCLAD","items_purchased":["Vajra","Feel No Pain","Shockwave","Perfected Strike","Mayhem","Flash of Steel"],"campfire_rested":5,"item_purchase_floors":[20,45,45,45,45,45],"current_hp_per_floor":[60,56,60,60,63,63,48,35,35,38,28,65,51,54,54,32,64,62,45,45,41,39,75,49,49,49,49,49,30,30,30,67,28,63,60,60,50,50,52,41,50,75,75,44,44,44,61,69,85,0],"gold":246,"neow_bonus":"HUNDRED_GOLD","is_prod":false,"is_daily":false,"chose_seed":false,"campfire_upgraded":3,"win_rate":0,"timestamp":1552082533,"path_taken":["M","M","M","?","M","R","E","?","T","M","M","R","E","M","R","BOSS","M","M","$","M","M","R","E","R","T","?","?","E","?","?","R","BOSS","M","?","M","?","M","E","M","R","T","E","$","R","?","M","R","BOSS"],"build_version":"2019-02-06","purchased_purges":0,"victory":false,"max_hp_per_floor":[75,75,75,75,75,75,75,75,75,75,75,75,75,75,75,75,75,75,75,75,75,75,75,75,75,75,75,75,75,75,75,75,75,75,75,75,75,75,75,75,75,75,75,85,85,85,85,85,85,85],"card_choices":[{"not_picked":["Inflame","Dual Wield"],"picked":"Anger","floor":1},{"not_picked":["Sword Boomerang","Reckless Charge"],"picked":"Shrug It Off","floor":2},{"not_picked":["Twin Strike","Wild Strike"],"picked":"Feel No Pain","floor":3},{"not_picked":["Fire Breathing","Armaments"],"picked":"Metallicize","floor":5},{"not_picked":["Thunderclap","Iron Wave","Cleave"],"picked":"SKIP","floor":7},{"not_picked":["Bludgeon","Hemokinesis"],"picked":"Shockwave","floor":8},{"not_picked":["Warcry","Rupture"],"picked":"Perfected Strike","floor":10},{"not_picked":["Warcry","Armaments"],"picked":"Twin Strike","floor":11},{"not_picked":["Iron Wave","Infernal Blade"],"picked":"Corruption","floor":13},{"not_picked":["Clothesline","Hemokinesis"],"picked":"True Grit","floor":14},{"not_picked":["Reaper","Dark Embrace"],"picked":"Offering","floor":16},{"not_picked":["Thunderclap"],"picked":"SKIP","floor":18},{"not_picked":[],"picked":"Disarm","floor":19},{"not_picked":["Uppercut"],"picked":"SKIP","floor":21},{"not_picked":[],"picked":"Sword Boomerang","floor":22},{"not_picked":[],"picked":"Perfected Strike","floor":24},{"not_picked":[],"picked":"Perfected Strike","floor":29},{"not_picked":[],"picked":"Feed","floor":33},{"not_picked":["Sever Soul+1"],"picked":"SKIP","floor":35},{"not_picked":["Clash"],"picked":"SKIP","floor":37},{"not_picked":["Wild Strike+1"],"picked":"SKIP","floor":39},{"not_picked":[],"picked":"Feel No Pain","floor":40},{"not_picked":["Sever Soul+1"],"picked":"SKIP","floor":41},{"not_picked":["Rupture"],"picked":"SKIP","floor":44},{"not_picked":[],"picked":"Pommel Strike","floor":48}],"player_experience":5084222,"relics_obtained":[{"floor":7,"key":"Regal Pillow"},{"floor":9,"key":"Matryoshka"},{"floor":13,"key":"Happy Flower"},{"floor":24,"key":"Unceasing Top"},{"floor":26,"key":"Letter Opener"},{"floor":26,"key":"The Courier"},{"floor":28,"key":"Nunchaku"},{"floor":28,"key":"Blue Candle"},{"floor":29,"key":"Magic Flower"},{"floor":40,"key":"PreservedInsect"},{"floor":43,"key":"MawBank"},{"floor":44,"key":"Pear"}],"event_choices":[{"damage_healed":0,"gold_gain":0,"player_choice":"Got Potions","damage_taken":0,"max_hp_gain":0,"max_hp_loss":0,"event_name":"Lab","floor":4,"gold_loss":0},{"damage_healed":0,"gold_gain":50,"player_choice":"Stole From Cult","damage_taken":0,"max_hp_gain":0,"max_hp_loss":0,"event_name":"Nest","floor":27,"gold_loss":0},{"damage_healed":0,"gold_gain":0,"player_choice":"Fight","damage_taken":0,"max_hp_gain":0,"max_hp_loss":0,"event_name":"Colosseum","floor":28,"gold_loss":0},{"damage_healed":0,"gold_gain":0,"player_choice":"Fought Nobs","damage_taken":0,"max_hp_gain":0,"max_hp_loss":0,"event_name":"Colosseum","floor":28,"gold_loss":0},{"damage_healed":0,"gold_gain":0,"player_choice":"Opened","damage_taken":0,"relics_obtained":["Meat on the Bone"],"max_hp_gain":0,"max_hp_loss":0,"event_name":"The Mausoleum","floor":30,"gold_loss":0,"cards_obtained":["Writhe"]},{"damage_healed":0,"gold_gain":0,"player_choice":"Paid Gold","damage_taken":0,"relics_obtained":["Centennial Puzzle"],"max_hp_gain":0,"max_hp_loss":0,"event_name":"WeMeetAgain","floor":31,"gold_loss":61},{"cards_removed":["Feed"],"damage_healed":0,"gold_gain":0,"player_choice":"Removed Attack","damage_taken":0,"max_hp_gain":0,"max_hp_loss":0,"event_name":"Falling","floor":36,"gold_loss":0},{"damage_healed":0,"gold_gain":0,"player_choice":"Ignored","damage_taken":0,"max_hp_gain":0,"max_hp_loss":0,"event_name":"Tomb of Lord Red Mask","floor":38,"gold_loss":0},{"damage_healed":17,"gold_gain":0,"player_choice":"Writhe","damage_taken":0,"max_hp_gain":0,"max_hp_loss":0,"event_name":"Winding Halls","floor":47,"gold_loss":0,"cards_obtained":["Writhe"]}],"is_beta":true,"boss_relics":[{"not_picked":["Eternal Feather","Calling Bell"],"picked":"Busted Crown"},{"not_picked":["Pandora\u0027s Box","Philosopher\u0027s Stone"],"picked":"Fusion Hammer"}],"items_purged_floors":[],"is_endless":false,"potions_floor_spawned":[1,2,7,11,13,14,22,24,29,35,37],"killed_by":"Time Eater","ascension_level":20}