{"gold_per_floor":[117,129,85,85,2,2,83,83,83,83,95,126,126,151,151,227,227,240,240,240,155,155,155,172,184,257,257,88,104,134,9,9,86,86,105,105,125,0,0,28,28,28],"floor_reached":42,"playtime":2457,"items_purged":["Writhe","Strike_G+1"],"score":921,"play_id":"2955367b-4da4-4849-a8d6-454c4e0f3695","local_time":"20190312151251","is_ascension_mode":true,"campfire_choices":[{"data":"Neutralize","floor":6,"key":"SMITH"},{"floor":8,"key":"REST"},{"data":"Caltrops","floor":15,"key":"SMITH"},{"floor":23,"key":"REST"},{"data":"Deadly Poison","floor":27,"key":"SMITH"},{"floor":32,"key":"REST"},{"floor":41,"key":"REST"}],"neow_cost":"NONE","seed_source_timestamp":102988459176490,"circlet_count":0,"master_deck":["AscendersBane","Defend_G","Defend_G","Defend_G","Defend_G","Defend_G","Strike_G+1","Strike_G+1","Survivor","Neutralize+1","Deadly Poison+1","PiercingWail+1","Caltrops+1","Dagger Throw","Dagger Spray","Deadly Poison+1","PiercingWail","Noxious Fumes","Envenom","PiercingWail","Backflip","Corpse Explosion","Noxious Fumes+1","Apotheosis","Finesse","Crippling Poison"],"relics":["Ring of the Snake","Bottled Tornado","Whetstone","Orichalcum","Meat on the Bone","Pantograph","Empty Cage","Happy Flower","Centennial Puzzle","Bronze Scales","Letter Opener","Snake Skull","Black Star","Red Mask","Oddly Smooth Stone","Bird Faced Urn"],"potions_floor_usage":[14,33,33],"damage_taken":[{"damage":3,"enemies":"Jaw Worm","floor":1,"turns":5},{"damage":2,"enemies":"Small Slimes","floor":2,"turns":4},{"damage":0,"enemies":"Cultist","floor":11,"turns":4},{"damage":18,"enemies":"3 Sentries","floor":12,"turns":11},{"damage":11,"enemies":"Lagavulin","floor":14,"turns":5},{"damage":48,"enemies":"Hexaghost","floor":16,"turns":10},{"damage":14,"enemies":"Chosen","floor":18,"turns":5},{"damage":12,"enemies":"Shell Parasite","floor":24,"turns":4},{"damage":21,"enemies":"Sentry and Sphere","floor":25,"turns":5},{"damage":10,"enemies":"Cultist and Chosen","floor":29,"turns":6},{"damage":19,"enemies":"Book of Stabbing","floor":30,"turns":5},{"damage":40,"enemies":"Collector","floor":33,"turns":8},{"damage":0,"enemies":"3 Shapes","floor":35,"turns":2},{"damage":4,"enemies":"Orb Walker","floor":37,"turns":3},{"damage":56,"enemies":"Reptomancer","floor":40,"turns":7},{"damage":59,"enemies":"Nemesis","floor":42,"turns":8}],"seed_played":"-6095871725603189739","potions_obtained":[{"floor":2,"key":"GamblersBrew"},{"floor":14,"key":"Poison Potion"},{"floor":29,"key":"Swift Potion"},{"floor":37,"key":"Ancient Potion"},{"floor":40,"key":"Fire Potion"}],"is_trial":false,"path_per_floor":["M","M","$","?","$","R","T","R","T","?","M","E","?","E","R","B",null,"M","?","?","?","?","R","M","M","T","R","$","M","E","$","R","B",null,"M","?","M","?","?","E","R","E"],"character_chosen":"THE_SILENT","items_purchased":["Caltrops","Fire Potion","Dagger Throw","Noxious Fumes","AttackPotion","Backflip"],"campfire_rested":4,"item_purchase_floors":[3,5,5,28,28,31],"current_hp_per_floor":[62,60,60,38,38,38,38,59,59,48,48,30,35,36,36,25,64,50,50,28,28,28,52,52,43,43,43,43,45,38,38,62,42,72,72,72,68,68,58,14,37,0],"gold":28,"neow_bonus":"TEN_PERCENT_HP_BONUS","is_prod":false,"is_daily":false,"chose_seed":false,"campfire_upgraded":3,"win_rate":0,"timestamp":1552428771,"path_taken":["M","M","$","?","$","R","?","R","T","?","?","E","?","E","R","BOSS","M","?","?","?","?","R","?","?","T","R","?","M","E","$","R","BOSS","M","?","M","?","?","E","R","E"],"build_version":"2019-02-06","purchased_purges":2,"victory":false,"max_hp_per_floor":[72,72,72,72,72,72,72,72,72,72,72,72,77,77,77,77,77,77,77,82,82,82,82,82,82,82,82,82,82,82,82,82,82,82,82,78,78,78,78,78,78,78],"card_choices":[{"not_picked":["Dodge and Roll","Deflect"],"picked":"Deadly Poison","floor":1},{"not_picked":["Concentrate","Outmaneuver"],"picked":"PiercingWail","floor":2},{"not_picked":["Distraction","Tactician","Outmaneuver"],"picked":"SKIP","floor":11},{"not_picked":["Masterful Stab","Blade Dance"],"picked":"Dagger Spray","floor":12},{"not_picked":["Endless Agony","Sucker Punch","Bouncing Flask"],"picked":"SKIP","floor":14},{"not_picked":["Escape Plan","Predator"],"picked":"Deadly Poison+1","floor":18},{"not_picked":["Reflex","Setup"],"picked":"PiercingWail","floor":24},{"not_picked":["Bane","Outmaneuver","Blur"],"picked":"SKIP","floor":25},{"not_picked":["Bane","Outmaneuver","Blur"],"picked":"SKIP","floor":25},{"not_picked":["Bane","Outmaneuver","Blur"],"picked":"SKIP","floor":25},{"not_picked":["Deflect","Dodge and Roll"],"picked":"Envenom","floor":29},{"not_picked":["Dash","Cloak And Dagger"],"picked":"PiercingWail","floor":30},{"not_picked":["Unload","Burst"],"picked":"Corpse Explosion","floor":33},{"not_picked":["Tactician","Dagger Throw","Slice"],"picked":"SKIP","floor":35},{"not_picked":["Setup","Heel Hook"],"picked":"Noxious Fumes+1","floor":37},{"not_picked":["Trip","Thinking Ahead"],"picked":"Apotheosis","floor":39},{"not_picked":["Dramatic Entrance","Enlightenment"],"picked":"Finesse","floor":39},{"not_picked":["Accuracy","Sucker Punch+1"],"picked":"Crippling Poison","floor":40}],"player_experience":5147027,"relics_obtained":[{"floor":7,"key":"Bottled Tornado"},{"floor":9,"key":"Whetstone"},{"floor":12,"key":"Meat on the Bone"},{"floor":14,"key":"Pantograph"},{"floor":26,"key":"Letter Opener"},{"floor":30,"key":"Snake Skull"},{"floor":40,"key":"Oddly Smooth Stone"},{"floor":40,"key":"Bird Faced Urn"}],"event_choices":[{"damage_healed":0,"gold_gain":0,"player_choice":"Entered Light","damage_taken":22,"max_hp_gain":0,"max_hp_loss":0,"event_name":"Shining Light","floor":4,"gold_loss":0,"cards_upgraded":["Strike_G","PiercingWail"]},{"damage_healed":0,"gold_gain":0,"player_choice":"Success","damage_taken":11,"relics_obtained":["Orichalcum"],"max_hp_gain":0,"max_hp_loss":0,"event_name":"Scrap Ooze","floor":10,"gold_loss":0},{"damage_healed":0,"gold_gain":0,"player_choice":"Donut","damage_taken":0,"max_hp_gain":5,"max_hp_loss":0,"event_name":"Big Fish","floor":13,"gold_loss":0},{"damage_healed":0,"gold_gain":0,"player_choice":"Opened","damage_taken":0,"relics_obtained":["Happy Flower"],"max_hp_gain":0,"max_hp_loss":0,"event_name":"The Mausoleum","floor":19,"gold_loss":0,"cards_obtained":["Writhe"]},{"damage_healed":0,"gold_gain":0,"player_choice":"Shed Blood","damage_taken":27,"max_hp_gain":5,"max_hp_loss":0,"event_name":"Forgotten Altar","floor":20,"gold_loss":0},{"damage_healed":0,"gold_gain":0,"player_choice":"Obtained Relic","damage_taken":0,"relics_obtained":["Centennial Puzzle"],"max_hp_gain":0,"max_hp_loss":0,"event_name":"Addict","floor":21,"gold_loss":85},{"damage_healed":0,"gold_gain":0,"player_choice":"Gave Potion","damage_taken":0,"relics_obtained":["Bronze Scales"],"max_hp_gain":0,"max_hp_loss":0,"event_name":"WeMeetAgain","floor":22,"gold_loss":0},{"damage_healed":0,"gold_gain":0,"player_choice":"Max HP","damage_taken":0,"max_hp_gain":0,"max_hp_loss":4,"event_name":"Winding Halls","floor":36,"gold_loss":0},{"damage_healed":0,"gold_gain":0,"player_choice":"Paid","damage_taken":0,"relics_obtained":["Red Mask"],"max_hp_gain":0,"max_hp_loss":0,"event_name":"Tomb of Lord Red Mask","floor":38,"gold_loss":125},{"damage_healed":0,"gold_gain":0,"player_choice":"Memory 3","damage_taken":10,"max_hp_gain":0,"max_hp_loss":0,"event_name":"SensoryStone","floor":39,"gold_loss":0}],"is_beta":true,"boss_relics":[{"not_picked":["Tiny House","Sozu"],"picked":"Empty Cage"},{"not_picked":["Eternal Feather","White Beast Statue"],"picked":"Black Star"}],"items_purged_floors":[28,31],"is_endless":false,"potions_floor_spawned":[2,14,29,37,40],"killed_by":"Nemesis","ascension_level":20}