{"gold_per_floor":[112,11,11,23,40,98,98,98,98,98,98,123,23,43,43,114,114,132,132,151,62,79,79,97,97,97,97,108,108,133,183,183,183],"floor_reached":33,"playtime":1793,"items_purged":["Strike_R","Strike_R"],"score":542,"play_id":"0a3515cd-faaa-4f07-abb5-601dae91cb51","local_time":"20190307150922","is_ascension_mode":true,"campfire_choices":[{"data":"Bash","floor":7,"key":"SMITH"},{"data":"Anger","floor":10,"key":"SMITH"},{"floor":15,"key":"REST"},{"data":"Juggernaut","floor":23,"key":"SMITH"},{"data":"Disarm","floor":25,"key":"SMITH"},{"data":"Shrug It Off","floor":27,"key":"SMITH"},{"data":"Corruption","floor":29,"key":"SMITH"},{"floor":32,"key":"REST"}],"neow_cost":"NONE","seed_source_timestamp":84805916570159,"circlet_count":0,"master_deck":["AscendersBane","Strike_R","Strike_R","Defend_R","Defend_R","Defend_R","Defend_R","Bash+1","Pommel Strike","Armaments","Anger+1","Shrug It Off+1","Sword Boomerang","Impervious","Disarm+1","Juggernaut+1","Entrench+1","Body Slam","Feel No Pain","Rage","Corruption+1","Offering"],"relics":["Burning Blood","Tiny Chest","Pantograph","Bronze Scales","Omamori","Odd Mushroom","Runic Dome","FaceOfCleric","Question Card","Bottled Tornado"],"potions_floor_usage":[6,6,16,30],"damage_taken":[{"damage":0,"enemies":"2 Louse","floor":1,"turns":3},{"damage":0,"enemies":"Jaw Worm","floor":4,"turns":3},{"damage":9,"enemies":"Small Slimes","floor":5,"turns":4},{"damage":2,"enemies":"Gremlin Nob","floor":6,"turns":3},{"damage":30,"enemies":"Lagavulin","floor":12,"turns":7},{"damage":27,"enemies":"The Mushroom Lair","floor":14,"turns":5},{"damage":17,"enemies":"Slime Boss","floor":16,"turns":9},{"damage":6,"enemies":"Spheric Guardian","floor":18,"turns":4},{"damage":0,"enemies":"3 Byrds","floor":20,"turns":3},{"damage":0,"enemies":"Snecko","floor":22,"turns":3},{"damage":30,"enemies":"Snake Plant","floor":24,"turns":4},{"damage":8,"enemies":"3 Cultists","floor":28,"turns":5},{"damage":57,"enemies":"Slavers","floor":30,"turns":7},{"damage":71,"enemies":"Automaton","floor":33,"turns":8}],"seed_played":"3581531656976871095","potions_obtained":[{"floor":0,"key":"AttackPotion"},{"floor":0,"key":"SmokeBomb"},{"floor":5,"key":"EssenceOfSteel"},{"floor":14,"key":"PowerPotion"},{"floor":16,"key":"BloodPotion"},{"floor":18,"key":"SneckoOil"},{"floor":20,"key":"GamblersBrew"},{"floor":24,"key":"Ancient Potion"}],"is_trial":false,"path_per_floor":["M","$","?","M","M","E","R","?","T","R","T","E","$","?","R","B",null,"M","?","M","$","M","R","M","R","T","R","M","R","E","?","R","B"],"character_chosen":"IRONCLAD","items_purchased":["Armaments","Feel No Pain"],"campfire_rested":2,"item_purchase_floors":[2,21],"current_hp_per_floor":[74,74,79,80,77,80,80,80,80,80,80,56,56,35,59,69,77,77,77,81,81,82,82,59,59,59,59,58,58,8,8,33,0],"gold":183,"neow_bonus":"THREE_SMALL_POTIONS","is_prod":false,"is_daily":false,"chose_seed":false,"campfire_upgraded":6,"win_rate":0,"timestamp":1552000162,"path_taken":["M","$","?","M","M","E","R","?","T","R","?","E","?","?","R","BOSS","M","?","?","$","M","R","M","R","T","R","M","R","E","?","R","BOSS"],"build_version":"2019-02-06","purchased_purges":2,"victory":false,"max_hp_per_floor":[75,75,80,80,80,80,80,80,80,80,80,80,80,80,80,80,80,80,80,81,81,82,82,83,83,83,83,84,84,85,85,85,85],"card_choices":[{"not_picked":["Perfected Strike","Havoc"],"picked":"Pommel Strike","floor":1},{"not_picked":["Shrug It Off","Wild Strike"],"picked":"Anger","floor":4},{"not_picked":["Ghostly Armor","Armaments","Second Wind"],"picked":"SKIP","floor":5},{"not_picked":["Intimidate","Hemokinesis"],"picked":"Shrug It Off","floor":6},{"not_picked":["Seeing Red","Dual Wield"],"picked":"Impervious","floor":12},{"not_picked":["Clash","True Grit"],"picked":"Disarm","floor":14},{"not_picked":["Double Tap","Limit Break"],"picked":"Juggernaut","floor":16},{"not_picked":["Reckless Charge","Flex"],"picked":"Entrench+1","floor":18},{"not_picked":["Anger","Heavy Blade"],"picked":"Body Slam","floor":20},{"not_picked":["Wild Strike+1","Inflame+1"],"picked":"Rage","floor":22},{"not_picked":["Pummel+1","Uppercut","Pommel Strike"],"picked":"SKIP","floor":24},{"not_picked":["Flex","Havoc","Double Tap"],"picked":"Corruption","floor":28},{"not_picked":["Headbutt","Rupture","Reckless Charge"],"picked":"Offering","floor":30}],"player_experience":5080174,"relics_obtained":[{"floor":6,"key":"Tiny Chest"},{"floor":9,"key":"Pantograph"},{"floor":11,"key":"Bronze Scales"},{"floor":12,"key":"Omamori"},{"floor":14,"key":"Odd Mushroom"},{"floor":26,"key":"Question Card"},{"floor":30,"key":"Bottled Tornado"}],"event_choices":[{"damage_healed":0,"gold_gain":0,"player_choice":"Donut","damage_taken":0,"max_hp_gain":5,"max_hp_loss":0,"event_name":"Big Fish","floor":3,"gold_loss":0},{"damage_healed":0,"gold_gain":0,"cards_transformed":["Strike_R"],"player_choice":"Change","damage_taken":0,"max_hp_gain":0,"max_hp_loss":0,"event_name":"Living Wall","floor":8,"gold_loss":0,"cards_obtained":["Sword Boomerang"]},{"damage_healed":0,"gold_gain":0,"player_choice":"Fought Mushrooms","damage_taken":0,"max_hp_gain":0,"max_hp_loss":0,"event_name":"Mushrooms","floor":14,"gold_loss":0},{"damage_healed":0,"gold_gain":0,"player_choice":"Trade","damage_taken":0,"relics_obtained":["FaceOfCleric"],"max_hp_gain":0,"max_hp_loss":0,"event_name":"FaceTrader","floor":19,"gold_loss":0},{"damage_healed":0,"gold_gain":50,"player_choice":"Stole From Cult","damage_taken":0,"max_hp_gain":0,"max_hp_loss":0,"event_name":"Nest","floor":31,"gold_loss":0}],"is_beta":true,"boss_relics":[{"not_picked":["Lizard Tail","Mark of Pain"],"picked":"Runic Dome"}],"items_purged_floors":[2,13],"is_endless":false,"potions_floor_spawned":[5,14,16,18,20,24],"killed_by":"Automaton","ascension_level":20}