{"gold_per_floor":[113,38,38,38,38,78,78,117,141,141,141,164,184,197,197,286,286,302,302,302,6,6,6,30,70,146,146,171,209,839,854,854,945,945,963,963,986,1011,824,862,887,887,910,948,948,211,224,268,268,268,268,268,268,45,85,85],"floor_reached":57,"playtime":3168,"items_purged":["Strike_R","Strike_R"],"score":2872,"play_id":"89c0c614-3f41-44f1-ab53-0b7448a22a12","local_time":"20190309141438","is_ascension_mode":true,"campfire_choices":[{"floor":7,"key":"REST"},{"data":"Anger","floor":15,"key":"SMITH"},{"data":"Immolate","floor":23,"key":"SMITH"},{"data":"Heavy Blade","floor":27,"key":"SMITH"},{"data":"Spot Weakness","floor":32,"key":"SMITH"},{"data":"Heavy Blade","floor":42,"key":"SMITH"},{"floor":45,"key":"RECALL"},{"data":"Heavy Blade","floor":49,"key":"SMITH"},{"data":"Inflame","floor":53,"key":"SMITH"}],"neow_cost":"NONE","seed_source_timestamp":252915724894302,"circlet_count":0,"master_deck":["AscendersBane","Defend_R","Defend_R","Defend_R","Defend_R","Bash+1","Sword Boomerang","Uppercut+1","Dropkick+1","Reaper+1","Battle Trance","Shrug It Off","Anger+1","Spot Weakness+1","Corruption","Heavy Blade+1","Reaper","Metallicize","Spot Weakness","Reaper","Clothesline","Heavy Blade+1","Double Tap","Inflame+1","Spot Weakness","Heavy Blade+1","Shockwave"],"relics":["Burning Blood","Golden Idol","Shuriken","Dream Catcher","Boot","Happy Flower","Snecko Eye","MutagenicStrength","Enchiridion","Sling","Pantograph","Sundial","Potion Belt","Empty Cage","Vajra","Gremlin Horn","Pear","Kunai","PreservedInsect","Orichalcum","Whetstone"],"potions_floor_usage":[6,16,33,33,40,44,56,56,56,56],"damage_taken":[{"damage":10,"enemies":"Small Slimes","floor":1,"turns":3},{"damage":35,"enemies":"Gremlin Nob","floor":6,"turns":5},{"damage":50,"enemies":"3 Sentries","floor":8,"turns":8},{"damage":7,"enemies":"2 Louse","floor":12,"turns":3},{"damage":4,"enemies":"Jaw Worm","floor":13,"turns":2},{"damage":4,"enemies":"Blue Slaver","floor":14,"turns":3},{"damage":25,"enemies":"Hexaghost","floor":16,"turns":6},{"damage":1,"enemies":"Spheric Guardian","floor":18,"turns":3},{"damage":0,"enemies":"Chosen","floor":24,"turns":3},{"damage":5,"enemies":"Book of Stabbing","floor":25,"turns":2},{"damage":13,"enemies":"Snecko","floor":28,"turns":3},{"damage":0,"enemies":"Slavers","floor":29,"turns":2},{"damage":26,"enemies":"Centurion and Healer","floor":31,"turns":5},{"damage":28,"enemies":"Collector","floor":33,"turns":5},{"damage":11,"enemies":"Orb Walker","floor":35,"turns":2},{"damage":27,"enemies":"3 Darklings","floor":37,"turns":4},{"damage":36,"enemies":"4 Shapes","floor":38,"turns":5},{"damage":45,"enemies":"Reptomancer","floor":40,"turns":4},{"damage":17,"enemies":"Writhing Mass","floor":41,"turns":3},{"damage":2,"enemies":"Nemesis","floor":44,"turns":3},{"damage":20,"enemies":"Spire Growth","floor":47,"turns":3},{"damage":0,"enemies":"Giant Head","floor":48,"turns":3},{"damage":83,"enemies":"Donu and Deca","floor":50,"turns":5},{"damage":42,"enemies":"Time Eater","floor":51,"turns":5},{"damage":1,"enemies":"Shield and Spear","floor":55,"turns":2},{"damage":143,"enemies":"The Heart","floor":56,"turns":8}],"seed_played":"4344497093348972968","potions_obtained":[{"floor":1,"key":"SkillPotion"},{"floor":12,"key":"AttackPotion"},{"floor":14,"key":"Weak Potion"},{"floor":16,"key":"Dexterity Potion"},{"floor":18,"key":"Poison Potion"},{"floor":31,"key":"SkillPotion"},{"floor":37,"key":"Weak Potion"},{"floor":40,"key":"Fire Potion"},{"floor":47,"key":"SkillPotion"},{"floor":55,"key":"FearPotion"}],"is_trial":false,"path_per_floor":["M","?","?","T","$","E","R","E","T","?","?","M","M","M","R","B",null,"M","?","?","$","?","R","M","E","T","R","M","E","?","M","R","B",null,"M","?","M","M","$","E","M","R","T","E","R","$","M","E","R","B","B",null,"R","$","E","B",null],"character_chosen":"IRONCLAD","items_purchased":["Corruption","Sling","Heavy Blade","FearPotion","Pear","Inflame","Kunai","Orichalcum","Block Potion"],"campfire_rested":1,"item_purchase_floors":[21,21,39,39,46,46,46,54,54],"current_hp_per_floor":[64,64,64,64,64,35,55,11,11,11,11,15,17,25,25,15,55,60,60,39,39,39,39,52,66,66,66,68,68,20,29,29,68,68,63,78,78,73,73,61,66,66,66,78,78,88,74,88,88,51,71,84,84,84,88,22],"gold":85,"neow_bonus":"UPGRADE_CARD","is_prod":false,"is_daily":false,"chose_seed":false,"campfire_upgraded":7,"win_rate":0,"timestamp":1552169678,"path_taken":["M","?","?","?","?","E","R","E","T","?","?","M","M","M","R","BOSS","M","?","?","$","?","R","M","E","T","R","?","E","?","M","R","BOSS","M","?","M","M","?","E","M","R","T","E","R","$","M","E","R","BOSS","BOSS","R","$","E","BOSS"],"build_version":"2019-02-06","purchased_purges":2,"victory":true,"max_hp_per_floor":[75,75,68,68,68,68,68,68,68,68,68,68,68,68,68,68,68,68,68,68,68,68,68,68,68,68,68,68,68,68,68,68,68,68,68,78,78,78,78,78,78,78,78,78,78,88,88,88,88,88,88,88,88,88,88,88],"card_choices":[{"not_picked":["Ghostly Armor","Cleave"],"picked":"Sword Boomerang","floor":1},{"not_picked":["Clash","Sever Soul"],"picked":"Uppercut","floor":6},{"not_picked":["Rupture","Pommel Strike"],"picked":"Dropkick","floor":7},{"not_picked":["Intimidate","Flex"],"picked":"Reaper","floor":8},{"not_picked":["Wild Strike","Havoc"],"picked":"Battle Trance","floor":12},{"not_picked":["Dual Wield","Wild Strike"],"picked":"Shrug It Off","floor":13},{"not_picked":["Clash","Clothesline"],"picked":"Anger","floor":14},{"not_picked":["Juggernaut","Double Tap"],"picked":"Immolate","floor":16},{"not_picked":["Iron Wave","Headbutt"],"picked":"Spot Weakness","floor":18},{"not_picked":["Power Through","Havoc"],"picked":"Heavy Blade","floor":24},{"not_picked":["Clash","Pommel Strike"],"picked":"Reaper","floor":25},{"not_picked":["Battle Trance","Body Slam","Iron Wave"],"picked":"SKIP","floor":28},{"not_picked":["Entrench","Warcry"],"picked":"Metallicize","floor":29},{"not_picked":["Perfected Strike","Disarm"],"picked":"Spot Weakness","floor":31},{"not_picked":["Berserk","Brutality"],"picked":"Reaper","floor":33},{"not_picked":["Sword Boomerang","Blood for Blood+1","Second Wind"],"picked":"SKIP","floor":35},{"not_picked":["Power Through","Sword Boomerang"],"picked":"Clothesline","floor":37},{"not_picked":["Twin Strike","Fire Breathing","Sword Boomerang"],"picked":"SKIP","floor":38},{"not_picked":["Thunderclap","Flex","Pommel Strike"],"picked":"SKIP","floor":40},{"not_picked":["Wild Strike","Perfected Strike","Pommel Strike+1"],"picked":"SKIP","floor":41},{"not_picked":["Rampage","Ghostly Armor"],"picked":"Double Tap","floor":44},{"not_picked":["Rage","Heavy Blade+1"],"picked":"Spot Weakness","floor":47},{"not_picked":["Thunderclap","Infernal Blade"],"picked":"Heavy Blade","floor":48},{"not_picked":["Intimidate+1","Perfected Strike+1"],"picked":"Shockwave","floor":55}],"player_experience":5106182,"relics_obtained":[{"floor":4,"key":"Shuriken"},{"floor":6,"key":"Dream Catcher"},{"floor":8,"key":"Boot"},{"floor":9,"key":"Happy Flower"},{"floor":20,"key":"Enchiridion"},{"floor":25,"key":"Pantograph"},{"floor":26,"key":"Sundial"},{"floor":29,"key":"Potion Belt"},{"floor":40,"key":"Vajra"},{"floor":44,"key":"Gremlin Horn"},{"floor":48,"key":"PreservedInsect"},{"floor":55,"key":"Whetstone"}],"event_choices":[{"cards_removed":["Strike_R"],"damage_healed":0,"gold_gain":0,"player_choice":"Card Removal","damage_taken":0,"max_hp_gain":0,"max_hp_loss":0,"event_name":"The Cleric","floor":2,"gold_loss":75},{"damage_healed":0,"gold_gain":0,"player_choice":"Lose Max HP","damage_taken":0,"relics_obtained":["Golden Idol"],"max_hp_gain":0,"max_hp_loss":7,"event_name":"Golden Idol","floor":3,"gold_loss":0},{"damage_healed":0,"gold_gain":0,"player_choice":"Searched \u00270\u0027 times","damage_taken":0,"max_hp_gain":0,"max_hp_loss":0,"event_name":"Dead Adventurer","floor":10,"gold_loss":0},{"damage_healed":0,"gold_gain":0,"player_choice":"Grow","damage_taken":0,"max_hp_gain":0,"max_hp_loss":0,"event_name":"Living Wall","floor":11,"gold_loss":0,"cards_upgraded":["Uppercut"]},{"damage_healed":0,"gold_gain":0,"player_choice":"Inject Mutagens","damage_taken":0,"relics_obtained":["MutagenicStrength"],"max_hp_gain":0,"max_hp_loss":0,"event_name":"Drug Dealer","floor":19,"gold_loss":0},{"damage_healed":0,"gold_gain":0,"player_choice":"Obtained Book","damage_taken":21,"max_hp_gain":0,"max_hp_loss":0,"event_name":"Cursed Tome","floor":20,"gold_loss":0},{"damage_healed":0,"gold_gain":0,"player_choice":"Got Potions","damage_taken":0,"max_hp_gain":0,"max_hp_loss":0,"event_name":"Lab","floor":22,"gold_loss":0},{"damage_healed":0,"gold_gain":630,"player_choice":"GOLD GOLD GOLD GOLD GOLD GOLD GOLD ","damage_taken":48,"max_hp_gain":0,"max_hp_loss":0,"event_name":"Knowing Skull","floor":30,"potions_obtained":[],"gold_loss":0,"cards_obtained":[]},{"cards_removed":["Immolate"],"damage_healed":5,"gold_gain":0,"player_choice":"Offered Rare","damage_taken":0,"max_hp_gain":10,"max_hp_loss":0,"event_name":"Bonfire Elementals","floor":36,"gold_loss":0}],"is_beta":true,"boss_relics":[{"not_picked":["Runic Dome","Sozu"],"picked":"Snecko Eye"},{"not_picked":["Runic Cube","Tiny House"],"picked":"Empty Cage"}],"items_purged_floors":[39,46],"is_endless":false,"potions_floor_spawned":[1,12,14,16,18,24,28,31,37,40,47,55],"ascension_level":20}