{"gold_per_floor":[112,112,123,123,14,14,46,64,91,104,134,134,153,180,180,254,254,269,55,70,70,70,70],"floor_reached":23,"playtime":1448,"items_purged":["Strike_B"],"score":418,"play_id":"06969e48-0bed-4ca0-bfdd-5ae5cc1dfcf8","local_time":"20190312132249","is_ascension_mode":true,"campfire_choices":[{"floor":6,"key":"REST"},{"floor":12,"key":"REST"},{"data":"Defragment","floor":15,"key":"SMITH"}],"neow_cost":"NONE","seed_source_timestamp":97395140683460,"circlet_count":0,"master_deck":["AscendersBane","Strike_B","Strike_B","Strike_B+1","Defend_B","Defend_B","Defend_B","Defend_B","Zap+1","Dualcast","Genetic Algorithm","Defragment+1","Coolheaded","Go for the Eyes","Auto Shields","Ball Lightning","Ball Lightning","Biased Cognition","Hologram"],"relics":["Cracked Core","Smiling Mask","Centennial Puzzle","Blood Vial","Vajra","Nunchaku","Busted Crown","Bag of Preparation"],"potions_floor_usage":[11,11,14],"damage_taken":[{"damage":1,"enemies":"2 Louse","floor":1,"turns":2},{"damage":4,"enemies":"Small Slimes","floor":3,"turns":3},{"damage":38,"enemies":"3 Sentries","floor":7,"turns":10},{"damage":2,"enemies":"Jaw Worm","floor":8,"turns":3},{"damage":5,"enemies":"Large Slime","floor":10,"turns":5},{"damage":3,"enemies":"Gremlin Nob","floor":11,"turns":3},{"damage":7,"enemies":"2 Fungi Beasts","floor":13,"turns":3},{"damage":10,"enemies":"3 Sentries","floor":14,"turns":7},{"damage":27,"enemies":"Hexaghost","floor":16,"turns":8},{"damage":1,"enemies":"3 Byrds","floor":18,"turns":4},{"damage":8,"enemies":"Shell Parasite","floor":20,"turns":4},{"damage":16,"enemies":"Colosseum Slavers","floor":21,"turns":4},{"damage":52,"enemies":"Slavers","floor":23,"turns":3}],"seed_played":"3932324588721364339","potions_obtained":[{"floor":8,"key":"PowerPotion"},{"floor":10,"key":"Poison Potion"},{"floor":13,"key":"Energy Potion"}],"is_trial":false,"path_per_floor":["M","?","M","?","$","R","E","M","T","M","E","R","M","E","R","B",null,"M","$","M","?","?","E"],"character_chosen":"DEFECT","items_purchased":["Coolheaded","Poison Potion","Bag of Preparation"],"campfire_rested":2,"item_purchase_floors":[5,5,19],"current_hp_per_floor":[63,63,59,41,41,62,24,22,22,19,18,39,34,26,26,1,54,55,55,49,35,35,0],"gold":70,"neow_bonus":"UPGRADE_CARD","is_prod":false,"is_daily":false,"chose_seed":false,"campfire_upgraded":1,"win_rate":0,"timestamp":1552422169,"path_taken":["M","?","M","?","$","R","E","M","T","?","E","R","M","E","R","BOSS","M","$","M","?","?","E"],"build_version":"2019-02-06","purchased_purges":1,"victory":false,"max_hp_per_floor":[71,71,71,71,71,71,71,71,71,71,71,71,71,71,71,71,71,71,71,71,71,71,71],"card_choices":[{"not_picked":["Streamline","Conserve Battery"],"picked":"Genetic Algorithm","floor":1},{"not_picked":["Go for the Eyes","Chill"],"picked":"Defragment","floor":3},{"not_picked":["Chaos","Aggregate"],"picked":"Go for the Eyes","floor":7},{"not_picked":["Aggregate","Heatsinks"],"picked":"Auto Shields","floor":8},{"not_picked":["Auto Shields","Leap"],"picked":"Ball Lightning","floor":10},{"not_picked":["Conserve Battery","Skim","Double Energy"],"picked":"SKIP","floor":11},{"not_picked":["Lockon","Double Energy","Leap"],"picked":"SKIP","floor":13},{"not_picked":["Hologram","Gash"],"picked":"Ball Lightning","floor":14},{"not_picked":["Meteor Strike","Thunder Strike"],"picked":"Biased Cognition","floor":16},{"not_picked":[],"picked":"Hologram","floor":18},{"not_picked":["Scrape"],"picked":"SKIP","floor":20}],"player_experience":5141579,"relics_obtained":[{"floor":7,"key":"Centennial Puzzle"},{"floor":9,"key":"Blood Vial"},{"floor":11,"key":"Vajra"},{"floor":14,"key":"Nunchaku"}],"event_choices":[{"damage_healed":0,"gold_gain":0,"player_choice":"Grow","damage_taken":0,"max_hp_gain":0,"max_hp_loss":0,"event_name":"Living Wall","floor":2,"gold_loss":0,"cards_upgraded":["Strike_B"]},{"damage_healed":0,"gold_gain":0,"player_choice":"Success","damage_taken":18,"relics_obtained":["Smiling Mask"],"max_hp_gain":0,"max_hp_loss":0,"event_name":"Scrap Ooze","floor":4,"gold_loss":0},{"damage_healed":0,"gold_gain":0,"player_choice":"Fight","damage_taken":0,"max_hp_gain":0,"max_hp_loss":0,"event_name":"Colosseum","floor":21,"gold_loss":0},{"damage_healed":0,"gold_gain":0,"player_choice":"Fled From Nobs","damage_taken":0,"max_hp_gain":0,"max_hp_loss":0,"event_name":"Colosseum","floor":21,"gold_loss":0},{"damage_healed":0,"gold_gain":0,"player_choice":"Ignored","damage_taken":0,"max_hp_gain":0,"max_hp_loss":0,"event_name":"Cursed Tome","floor":22,"gold_loss":0}],"is_beta":true,"boss_relics":[{"not_picked":["Inserter","Philosopher\u0027s Stone"],"picked":"Busted Crown"}],"items_purged_floors":[19],"is_endless":false,"potions_floor_spawned":[8,10,13,21],"killed_by":"Slavers","ascension_level":20}