{"gold_per_floor":[20,95,106,106,120,120,120,120,145,164,193,20,53,65,65,144,144,161,341,354,368,384,384,410,335,335,335,25,45,62,89,89,167,167,186,205,11,30,30,30,65,65,65,65,77,103,123,153,153,153,153,153,153,42,67,67],"floor_reached":57,"playtime":4573,"items_purged":[],"score":2784,"play_id":"7aa7bb05-de38-488c-ae08-f1b43e9fdfca","local_time":"20190316162520","is_ascension_mode":true,"campfire_choices":[{"data":"Bash","floor":6,"key":"SMITH"},{"data":"Perfected Strike","floor":8,"key":"SMITH"},{"data":"Uppercut","floor":15,"key":"SMITH"},{"floor":23,"key":"REST"},{"floor":27,"key":"REST"},{"data":"Body Slam","floor":32,"key":"SMITH"},{"data":"Heavy Blade","floor":40,"key":"SMITH"},{"data":"Spot Weakness","floor":42,"key":"SMITH"},{"floor":44,"key":"RECALL"},{"data":"Feel No Pain","floor":49,"key":"SMITH"},{"floor":53,"key":"REST"}],"neow_cost":"NO_GOLD","seed_source_timestamp":70597481297602,"circlet_count":0,"master_deck":["AscendersBane","Strike_R","Strike_R+1","Defend_R+1","Defend_R","Defend_R+1","Defend_R","Bash+1","Perfected Strike+1","Twin Strike","Feed+1","Uppercut+1","Headbutt","Inflame","Metallicize","Impervious","Flame Barrier+1","Corruption","Feel No Pain+1","Body Slam+1","Shrug It Off+1","Flame Barrier","Spot Weakness+1","Immolate","Thunderclap+1","Shrug It Off","Havoc+1","Heavy Blade+1","Armaments","Shrug It Off"],"relics":["Burning Blood","Du-Vu Doll","Blood Vial","Strawberry","Whetstone","Lantern","Runic Pyramid","Kunai","Anchor","Happy Flower","Self Forming Clay","Busted Crown","Bag of Preparation","Bag of Marbles","Regal Pillow","War Paint","Turnip"],"potions_floor_usage":[11,16,16,33,56,56],"damage_taken":[{"damage":9,"enemies":"Jaw Worm","floor":1,"turns":4},{"damage":7,"enemies":"2 Louse","floor":3,"turns":2},{"damage":2,"enemies":"Small Slimes","floor":5,"turns":3},{"damage":11,"enemies":"Blue Slaver","floor":10,"turns":4},{"damage":6,"enemies":"Gremlin Nob","floor":11,"turns":3},{"damage":35,"enemies":"Lagavulin","floor":13,"turns":5},{"damage":8,"enemies":"3 Louse","floor":14,"turns":5},{"damage":22,"enemies":"Hexaghost","floor":16,"turns":7},{"damage":0,"enemies":"Chosen","floor":18,"turns":3},{"damage":12,"enemies":"Spheric Guardian","floor":20,"turns":6},{"damage":43,"enemies":"Cultist and Chosen","floor":21,"turns":9},{"damage":39,"enemies":"3 Cultists","floor":22,"turns":7},{"damage":47,"enemies":"Book of Stabbing","floor":24,"turns":5},{"damage":0,"enemies":"Centurion and Healer","floor":29,"turns":7},{"damage":14,"enemies":"Snake Plant","floor":30,"turns":4},{"damage":12,"enemies":"Gremlin Leader","floor":31,"turns":7},{"damage":53,"enemies":"Automaton","floor":33,"turns":12},{"damage":6,"enemies":"3 Darklings","floor":35,"turns":5},{"damage":0,"enemies":"Orb Walker","floor":36,"turns":4},{"damage":19,"enemies":"Writhing Mass","floor":38,"turns":7},{"damage":25,"enemies":"Reptomancer","floor":41,"turns":6},{"damage":0,"enemies":"Transient","floor":45,"turns":6},{"damage":3,"enemies":"Nemesis","floor":46,"turns":5},{"damage":0,"enemies":"Sphere and 2 Shapes","floor":47,"turns":5},{"damage":9,"enemies":"Giant Head","floor":48,"turns":6},{"damage":39,"enemies":"Awakened One","floor":50,"turns":19},{"damage":13,"enemies":"Donu and Deca","floor":51,"turns":9},{"damage":86,"enemies":"Shield and Spear","floor":55,"turns":9},{"damage":60,"enemies":"The Heart","floor":56,"turns":9}],"seed_played":"164939503431120446","potions_obtained":[{"floor":3,"key":"Dexterity Potion"},{"floor":5,"key":"AttackPotion"},{"floor":10,"key":"Strength Potion"},{"floor":13,"key":"LiquidBronze"},{"floor":21,"key":"FairyPotion"},{"floor":22,"key":"Weak Potion"},{"floor":30,"key":"SteroidPotion"},{"floor":31,"key":"Regen Potion"},{"floor":36,"key":"Ancient Potion"}],"is_trial":false,"path_per_floor":["M","?","M","?","M","R","?","R","T","M","E","$","E","M","R","B",null,"M","?","M","M","M","R","E","?","T","R","$","M","M","E","R","B",null,"M","M","$","M","?","R","E","R","T","R","M","E","M","E","R","B","B",null,"R","$","E","B",null],"character_chosen":"IRONCLAD","items_purchased":["Whetstone","Happy Flower","Feel No Pain","Body Slam","Shrug It Off","Bag of Preparation","SpeedPotion","Shrug It Off"],"campfire_rested":3,"item_purchase_floors":[12,28,28,28,37,37,54,54],"current_hp_per_floor":[65,54,53,46,50,50,55,55,55,55,64,64,41,45,45,35,85,97,67,67,36,21,56,21,21,21,57,57,69,63,59,59,33,106,112,124,124,117,117,117,104,104,104,104,112,121,133,136,136,109,108,152,166,166,90,42],"gold":67,"neow_bonus":"ONE_RARE_RELIC","is_prod":false,"is_daily":false,"chose_seed":false,"campfire_upgraded":7,"win_rate":0,"timestamp":1552778720,"path_taken":["M","?","M","?","M","R","?","R","T","M","E","$","E","M","R","BOSS","M","?","?","M","M","R","E","?","T","R","$","M","M","E","R","BOSS","M","M","$","M","?","R","E","R","T","R","M","E","M","E","R","BOSS","BOSS","R","$","E","BOSS"],"build_version":"2019-03-15","purchased_purges":0,"victory":true,"max_hp_per_floor":[75,75,75,75,75,75,80,80,80,83,90,90,94,98,98,102,102,106,106,110,114,118,118,122,122,122,122,122,126,126,126,126,130,130,134,138,138,142,142,142,146,146,146,146,146,150,154,158,158,162,166,166,166,166,170,174],"card_choices":[{"not_picked":["Headbutt","Clash"],"picked":"Perfected Strike","floor":1},{"not_picked":["Carnage","Whirlwind"],"picked":"Twin Strike","floor":3},{"not_picked":["Dual Wield","Rupture"],"picked":"Feed","floor":5},{"not_picked":["Headbutt","Shockwave"],"picked":"Uppercut","floor":10},{"not_picked":["Sever Soul","Clothesline"],"picked":"Headbutt","floor":11},{"not_picked":["Havoc","Fiend Fire"],"picked":"Inflame","floor":13},{"not_picked":["Entrench","Heavy Blade"],"picked":"Metallicize","floor":14},{"not_picked":["Brutality","Barricade"],"picked":"Impervious","floor":16},{"not_picked":["Shrug It Off","Sword Boomerang"],"picked":"Flame Barrier+1","floor":18},{"not_picked":["Sever Soul","Second Wind","Rupture"],"picked":"SKIP","floor":20},{"not_picked":["Havoc+1","Fire Breathing"],"picked":"Corruption","floor":21},{"not_picked":["Heavy Blade","Berserk","Hemokinesis"],"picked":"SKIP","floor":22},{"not_picked":["Hemokinesis+1","Clothesline","Headbutt"],"picked":"SKIP","floor":24},{"not_picked":["Inflame","Iron Wave"],"picked":"Shrug It Off+1","floor":29},{"not_picked":["Rupture","Clash"],"picked":"Flame Barrier","floor":30},{"not_picked":["Fiend Fire","Rampage"],"picked":"Spot Weakness","floor":31},{"not_picked":["Demon Form","Bludgeon"],"picked":"Immolate","floor":33},{"not_picked":["Clash"],"picked":"SKIP","floor":35},{"not_picked":[],"picked":"Thunderclap+1","floor":36},{"not_picked":[],"picked":"Havoc+1","floor":38},{"not_picked":[],"picked":"Armaments","floor":41},{"not_picked":["Combust"],"picked":"SKIP","floor":45},{"not_picked":["Armaments"],"picked":"SKIP","floor":46},{"not_picked":["Clash+1"],"picked":"SKIP","floor":47},{"not_picked":["Whirlwind"],"picked":"SKIP","floor":48},{"not_picked":["Thunderclap"],"picked":"SKIP","floor":55}],"player_experience":5203476,"relics_obtained":[{"floor":9,"key":"Blood Vial"},{"floor":11,"key":"Strawberry"},{"floor":13,"key":"Lantern"},{"floor":24,"key":"Kunai"},{"floor":26,"key":"Anchor"},{"floor":31,"key":"Self Forming Clay"},{"floor":41,"key":"Bag of Marbles"},{"floor":46,"key":"Regal Pillow"},{"floor":48,"key":"War Paint"},{"floor":55,"key":"Turnip"}],"event_choices":[{"damage_healed":0,"gold_gain":75,"player_choice":"Gather Gold","damage_taken":11,"max_hp_gain":0,"max_hp_loss":0,"event_name":"World of Goop","floor":2,"gold_loss":0},{"cards_removed":["Strike_R"],"damage_healed":0,"gold_gain":0,"player_choice":"Card Removal","damage_taken":7,"max_hp_gain":0,"max_hp_loss":0,"event_name":"Golden Wing","floor":4,"gold_loss":0},{"damage_healed":0,"gold_gain":0,"player_choice":"Donut","damage_taken":0,"max_hp_gain":5,"max_hp_loss":0,"event_name":"Big Fish","floor":7,"gold_loss":0},{"damage_healed":0,"gold_gain":180,"player_choice":"GOLD GOLD ","damage_taken":30,"max_hp_gain":0,"max_hp_loss":0,"event_name":"Knowing Skull","floor":19,"potions_obtained":[],"gold_loss":0,"cards_obtained":[]},{"cards_removed":["Strike_R"],"damage_healed":0,"gold_gain":0,"player_choice":"Gave Gold","damage_taken":0,"max_hp_gain":0,"max_hp_loss":0,"event_name":"Beggar","floor":25,"gold_loss":75},{"damage_healed":0,"gold_gain":0,"cards_transformed":["Strike_R"],"player_choice":"Transformed","damage_taken":0,"max_hp_gain":0,"max_hp_loss":0,"event_name":"Transmorgrifier","floor":39,"gold_loss":0,"cards_obtained":["Heavy Blade"]}],"is_beta":true,"boss_relics":[{"not_picked":["Lizard Tail","Fusion Hammer"],"picked":"Runic Pyramid"},{"not_picked":["Coffee Dripper","Calling Bell"],"picked":"Busted Crown"}],"items_purged_floors":[],"is_endless":false,"potions_floor_spawned":[3,5,10,13,21,22,30,31,36,38,45,55],"ascension_level":20}