{"gold_per_floor":[367,24,24,38,38,38,58,87,87,87,105,85,102,132,132,209,209,223,223,223,223,223,250,250,278,355,355],"floor_reached":27,"playtime":1990,"items_purged":[],"score":564,"play_id":"e162344f-4344-4184-a94a-bf18c10bad68","local_time":"20190310124150","is_ascension_mode":true,"campfire_choices":[{"data":"Zap","floor":6,"key":"SMITH"},{"floor":10,"key":"REST"},{"data":"Lockon","floor":15,"key":"SMITH"},{"data":"Loop","floor":24,"key":"SMITH"}],"neow_cost":"TEN_PERCENT_HP_LOSS","seed_source_timestamp":331355699622775,"circlet_count":0,"master_deck":["AscendersBane","Strike_B+1","Strike_B+1","Strike_B+1","Strike_B+1","Defend_B+1","Defend_B+1","Defend_B+1","Defend_B+1","Zap+1","Dualcast","Glacier","Lockon+1","FTL","Compile Driver","All For One","Conserve Battery","Ghostly","Ghostly","Ghostly","Loop+1","Hologram+1"],"relics":["Cracked Core","FossilizedHelix","Blood Vial","DataDisk","Mercury Hourglass","Blue Candle","Lizard Tail","Question Card","Matryoshka","StoneCalendar","Bottled Flame","Sundial"],"potions_floor_usage":[18,25,27,27],"damage_taken":[{"damage":15,"enemies":"Small Slimes","floor":1,"turns":3},{"damage":0,"enemies":"Cultist","floor":4,"turns":3},{"damage":0,"enemies":"Jaw Worm","floor":7,"turns":4},{"damage":29,"enemies":"Lagavulin","floor":8,"turns":9},{"damage":6,"enemies":"Lots of Slimes","floor":11,"turns":3},{"damage":0,"enemies":"Blue Slaver","floor":13,"turns":3},{"damage":2,"enemies":"3 Sentries","floor":14,"turns":6},{"damage":9,"enemies":"Slime Boss","floor":16,"turns":7},{"damage":5,"enemies":"3 Byrds","floor":18,"turns":4},{"damage":0,"enemies":"Gremlin Leader","floor":23,"turns":6},{"damage":38,"enemies":"Book of Stabbing","floor":25,"turns":6},{"damage":24,"enemies":"Slavers","floor":27,"turns":2}],"seed_played":"3597328583807739699","potions_obtained":[{"floor":11,"key":"Ancient Potion"},{"floor":12,"key":"Poison Potion"},{"floor":23,"key":"Poison Potion"},{"floor":25,"key":"LiquidBronze"}],"is_trial":false,"path_per_floor":["M","$","?","M","$","R","M","E","T","R","M","?","M","E","R","B",null,"M","?","?","?","T","E","R","E","T","E"],"character_chosen":"DEFECT","items_purchased":["FossilizedHelix"],"campfire_rested":1,"item_purchase_floors":[2],"current_hp_per_floor":[49,49,49,51,51,51,53,26,26,45,41,41,43,43,43,36,57,54,54,37,34,34,34,34,17,17,0],"gold":355,"neow_bonus":"TWO_FIFTY_GOLD","is_prod":false,"is_daily":false,"chose_seed":false,"campfire_upgraded":3,"win_rate":0,"timestamp":1552246910,"path_taken":["M","$","?","M","?","R","M","E","T","R","M","?","?","E","R","BOSS","M","?","?","?","?","E","R","E","T","E"],"build_version":"2019-02-06","purchased_purges":0,"victory":false,"max_hp_per_floor":[64,64,64,64,64,64,64,64,64,64,64,64,64,64,64,64,64,64,64,69,34,34,34,34,34,34,34],"card_choices":[{"not_picked":["Beam Cell","Compile Driver"],"picked":"Ball Lightning","floor":1},{"not_picked":["Streamline","Ball Lightning"],"picked":"Glacier","floor":4},{"not_picked":["Hologram","Beam Cell","Conserve Battery"],"picked":"SKIP","floor":7},{"not_picked":["Undo","Hello World"],"picked":"Lockon","floor":8},{"not_picked":["Leap","Coolheaded"],"picked":"FTL","floor":11},{"not_picked":["Storm","Skim"],"picked":"Compile Driver","floor":13},{"not_picked":["Double Energy","Reboot","Steam"],"picked":"SKIP","floor":14},{"not_picked":["Rainbow","Creative AI"],"picked":"All For One","floor":16},{"not_picked":["Blizzard","Storm"],"picked":"Conserve Battery","floor":18},{"not_picked":["Stack","Cold Snap","Conserve Battery"],"picked":"Loop","floor":23},{"not_picked":["Sweeping Beam+1","Steam+1","Undo"],"picked":"Hologram+1","floor":25}],"player_experience":5115352,"relics_obtained":[{"floor":8,"key":"DataDisk"},{"floor":9,"key":"Mercury Hourglass"},{"floor":14,"key":"Blue Candle"},{"floor":22,"key":"Question Card"},{"floor":23,"key":"Matryoshka"},{"floor":25,"key":"StoneCalendar"},{"floor":26,"key":"Bottled Flame"},{"floor":26,"key":"Sundial"}],"event_choices":[{"cards_removed":["Ball Lightning"],"damage_healed":0,"gold_gain":0,"player_choice":"Gave Card","damage_taken":0,"relics_obtained":["Blood Vial"],"max_hp_gain":0,"max_hp_loss":0,"event_name":"WeMeetAgain","floor":3,"gold_loss":0},{"damage_healed":0,"gold_gain":0,"player_choice":"Bought 1 Potion","damage_taken":0,"max_hp_gain":0,"max_hp_loss":0,"event_name":"The Woman in Blue","floor":12,"gold_loss":0},{"damage_healed":0,"gold_gain":0,"player_choice":"Simplicity","damage_taken":0,"max_hp_gain":0,"max_hp_loss":0,"event_name":"Back to Basics","floor":19,"gold_loss":0,"cards_upgraded":["Strike_B","Strike_B","Strike_B","Strike_B","Defend_B","Defend_B","Defend_B","Defend_B"]},{"damage_healed":0,"gold_gain":0,"player_choice":"Shed Blood","damage_taken":22,"max_hp_gain":5,"max_hp_loss":0,"event_name":"Forgotten Altar","floor":20,"gold_loss":0},{"damage_healed":0,"gold_gain":0,"player_choice":"Became a Ghost","damage_taken":0,"max_hp_gain":0,"max_hp_loss":35,"event_name":"Ghosts","floor":21,"gold_loss":0,"cards_obtained":["Ghostly","Ghostly","Ghostly"]}],"is_beta":true,"boss_relics":[{"not_picked":["FrozenCore","Philosopher\u0027s Stone"],"picked":"Lizard Tail"}],"items_purged_floors":[],"is_endless":false,"potions_floor_spawned":[11,14,23,25],"killed_by":"Slavers","ascension_level":20}