{"gold_per_floor":[211,224,238,238,249,283,15,25,95,95,67,100,100,133,133,206,206,225,225,235,235,15,15,46,46,70,70,105,105,125,125,125,198,198,213,11,23,23,23,23,352,352,352,352],"floor_reached":44,"playtime":3453,"items_purged":["Pain","Strike_G"],"score":1134,"play_id":"226fd27a-539c-456d-8b30-edd74977bd18","local_time":"20190317120053","is_ascension_mode":true,"campfire_choices":[{"floor":10,"key":"REST"},{"data":"Neutralize","floor":13,"key":"SMITH"},{"data":"Well Laid Plans","floor":15,"key":"SMITH"},{"data":"Noxious Fumes","floor":23,"key":"SMITH"},{"floor":27,"key":"REST"},{"floor":29,"key":"REST"},{"floor":32,"key":"REST"},{"floor":40,"key":"REST"},{"data":"Wraith Form v2","floor":42,"key":"SMITH"}],"neow_cost":"NONE","seed_source_timestamp":2818967856390,"circlet_count":0,"master_deck":["AscendersBane","Defend_G","Defend_G","Defend_G","Defend_G","Defend_G","Strike_G","Strike_G","Strike_G","Strike_G","Survivor+1","Neutralize+1","Blade Dance","Unload","Die Die Die","Well Laid Plans+1","PiercingWail+1","All Out Attack","Night Terror","Burst","Predator","Noxious Fumes+1","Footwork","Dodge and Roll","Wraith Form v2+1","Finesse","Backflip","Neutralize","Expertise","Escape Plan"],"relics":["Ring of the Snake","WarpedTongs","Bottled Flame","Singing Bowl","WingedGreaves","Strawberry","HoveringKite","Lee\u0027s Waffle","Dodecahedron","War Paint","Gremlin Horn","Snake Skull","Lizard Tail","Old Coin"],"potions_floor_usage":[6,8,14,21,24],"damage_taken":[{"damage":12,"enemies":"Cultist","floor":1,"turns":6},{"damage":7,"enemies":"Jaw Worm","floor":2,"turns":7},{"damage":0,"enemies":"2 Louse","floor":3,"turns":2},{"damage":5,"enemies":"2 Fungi Beasts","floor":5,"turns":3},{"damage":17,"enemies":"Lagavulin","floor":6,"turns":7},{"damage":0,"enemies":"Exordium Wildlife","floor":8,"turns":5},{"damage":2,"enemies":"Exordium Thugs","floor":11,"turns":4},{"damage":2,"enemies":"3 Sentries","floor":12,"turns":5},{"damage":21,"enemies":"Gremlin Nob","floor":14,"turns":4},{"damage":0,"enemies":"The Guardian","floor":16,"turns":16},{"damage":19,"enemies":"Shell Parasite","floor":18,"turns":12},{"damage":23,"enemies":"2 Thieves","floor":20,"turns":4},{"damage":7,"enemies":"Colosseum Slavers","floor":21,"turns":6},{"damage":51,"enemies":"Book of Stabbing","floor":24,"turns":6},{"damage":48,"enemies":"Slavers","floor":28,"turns":4},{"damage":14,"enemies":"Snake Plant","floor":30,"turns":6},{"damage":51,"enemies":"Collector","floor":33,"turns":12},{"damage":75,"enemies":"3 Darklings","floor":35,"turns":7},{"damage":0,"enemies":"3 Shapes","floor":37,"turns":2},{"damage":52,"enemies":"Giant Head","floor":41,"turns":14},{"damage":17,"enemies":"Spire Growth","floor":44,"turns":2}],"seed_played":"4709321492801744","potions_obtained":[{"floor":2,"key":"FearPotion"},{"floor":6,"key":"AttackPotion"},{"floor":12,"key":"Weak Potion"},{"floor":14,"key":"PowerPotion"},{"floor":35,"key":"Weak Potion"},{"floor":37,"key":"LiquidBronze"}],"is_trial":false,"path_per_floor":["M","M","M","?","M","E","$","M","T","R","M","E","R","E","R","B",null,"M","?","M","?","$","R","E","?","T","R","E","R","M","T","R","B",null,"M","$","M","$","?","R","E","R","T","M"],"character_chosen":"THE_SILENT","items_purchased":["Well Laid Plans","Block Potion","PiercingWail","Lee\u0027s Waffle","Finesse"],"campfire_rested":5,"item_purchase_floors":[7,7,7,22,36],"current_hp_per_floor":[47,40,40,40,35,18,18,18,18,37,37,37,37,23,23,23,64,45,45,22,15,84,84,35,35,35,60,14,40,26,26,52,1,66,37,37,37,37,37,64,12,12,12,0],"gold":352,"neow_bonus":"HUNDRED_GOLD","is_prod":false,"is_daily":false,"chose_seed":false,"campfire_upgraded":4,"win_rate":0,"timestamp":1552849253,"path_taken":["M","?","M","?","?","E","$","M","T","R","M","E","R","E","R","BOSS","M","?","M","?","?","R","E","?","T","R","E","R","?","?","R","BOSS","M","$","M","?","?","R","E","R","T","?"],"build_version":"2019-03-15","purchased_purges":2,"victory":false,"max_hp_per_floor":[66,66,66,66,66,66,66,66,66,66,68,70,70,77,77,77,77,77,77,77,77,84,84,86,86,86,86,88,88,88,88,88,88,88,90,90,90,90,90,90,90,90,90,90],"card_choices":[{"not_picked":["Blade Dance","Calculated Gamble","Bane"],"picked":"SKIP","floor":1},{"not_picked":["Underhanded Strike","Accuracy"],"picked":"Blade Dance","floor":2},{"not_picked":["Quick Slash","Catalyst"],"picked":"Unload","floor":3},{"not_picked":["Underhanded Strike","Heel Hook","Prepared"],"picked":"SKIP","floor":5},{"not_picked":["Distraction","Predator"],"picked":"Die Die Die","floor":6},{"not_picked":["Blade Dance","Acrobatics"],"picked":"All Out Attack","floor":8},{"not_picked":["Dagger Spray","Infinite Blades","Slice"],"picked":"Singing Bowl","floor":11},{"not_picked":["Tactician","Dagger Throw","Sucker Punch"],"picked":"Singing Bowl","floor":12},{"not_picked":["Sucker Punch","Dagger Spray"],"picked":"Night Terror","floor":14},{"not_picked":["Night Terror","Venomology"],"picked":"Burst","floor":16},{"not_picked":["Backflip","Bouncing Flask"],"picked":"Predator","floor":18},{"not_picked":["Bane","Accuracy"],"picked":"Footwork","floor":20},{"not_picked":["Predator","Prepared","Bane"],"picked":"Singing Bowl","floor":24},{"not_picked":["All Out Attack","Sucker Punch","Blade Dance+1"],"picked":"Singing Bowl","floor":28},{"not_picked":["Reflex","Accuracy"],"picked":"Dodge and Roll","floor":30},{"not_picked":["Grand Finale","Corpse Explosion"],"picked":"Wraith Form v2","floor":33},{"not_picked":["Skewer","Underhanded Strike+1","Accuracy"],"picked":"Singing Bowl","floor":35},{"not_picked":["Flying Knee+1","Deadly Poison"],"picked":"Backflip","floor":37},{"not_picked":["Distraction","All Out Attack"],"picked":"Escape Plan","floor":41}],"player_experience":5208049,"relics_obtained":[{"floor":6,"key":"Bottled Flame"},{"floor":9,"key":"Singing Bowl"},{"floor":12,"key":"WingedGreaves"},{"floor":14,"key":"Strawberry"},{"floor":24,"key":"Dodecahedron"},{"floor":26,"key":"War Paint"},{"floor":28,"key":"Gremlin Horn"},{"floor":31,"key":"Snake Skull"},{"floor":41,"key":"Old Coin"}],"event_choices":[{"damage_healed":0,"gold_gain":0,"player_choice":"Rummage","damage_taken":0,"relics_obtained":["WarpedTongs"],"max_hp_gain":0,"max_hp_loss":0,"event_name":"Accursed Blacksmith","floor":4,"gold_loss":0,"cards_obtained":["Pain"]},{"damage_healed":0,"gold_gain":0,"player_choice":"Read","damage_taken":0,"max_hp_gain":0,"max_hp_loss":0,"event_name":"The Library","floor":19,"gold_loss":0,"cards_obtained":["Noxious Fumes"]},{"damage_healed":0,"gold_gain":0,"player_choice":"Fight","damage_taken":0,"max_hp_gain":0,"max_hp_loss":0,"event_name":"Colosseum","floor":21,"gold_loss":0},{"damage_healed":0,"gold_gain":0,"player_choice":"Fled From Nobs","damage_taken":0,"max_hp_gain":0,"max_hp_loss":0,"event_name":"Colosseum","floor":21,"gold_loss":0},{"damage_healed":0,"gold_gain":0,"player_choice":"Ignored","damage_taken":0,"max_hp_gain":0,"max_hp_loss":0,"event_name":"Beggar","floor":25,"gold_loss":0},{"damage_healed":0,"gold_gain":0,"player_choice":"2 cards matched","damage_taken":0,"max_hp_gain":0,"max_hp_loss":0,"event_name":"Match and Keep!","floor":39,"gold_loss":0,"cards_obtained":["Neutralize","Expertise"]}],"is_beta":true,"boss_relics":[{"not_picked":["Orrery","White Beast Statue"],"picked":"HoveringKite"},{"not_picked":["Tiny House","Philosopher\u0027s Stone"],"picked":"Lizard Tail"}],"items_purged_floors":[7,36],"is_endless":false,"potions_floor_spawned":[2,6,12,14,16,21,35,37],"killed_by":"Spire Growth","ascension_level":20}