{"gold_per_floor":[114,131,144,159,159,159,194,194,194,269,23,23,56,74,74,145,145,160,210,30,30,46,46,101,101,125,151,165,176,187,212,212,286,286,304,354,372,170,182,182,208,224,250,274,294,325,400,425,425,425,425,425,425,20,52,52],"floor_reached":57,"playtime":4153,"items_purged":["Strike_R","Strike_R","Strike_R"],"score":2845,"play_id":"7140ce95-68ce-4998-b4fc-f380b77457cb","local_time":"20190313144541","is_ascension_mode":true,"campfire_choices":[{"data":"Bash","floor":6,"key":"SMITH"},{"data":"Immolate","floor":8,"key":"SMITH"},{"floor":12,"key":"REST"},{"data":"Carnage","floor":15,"key":"SMITH"},{"data":"Flame Barrier","floor":23,"key":"SMITH"},{"data":"Juggernaut","floor":25,"key":"SMITH"},{"data":"Spot Weakness","floor":32,"key":"SMITH"},{"data":"Impervious","floor":40,"key":"SMITH"},{"floor":49,"key":"RECALL"},{"data":"Demon Form","floor":53,"key":"SMITH"}],"neow_cost":"PERCENT_DAMAGE","seed_source_timestamp":186030138298711,"circlet_count":0,"master_deck":["AscendersBane","Strike_R","Defend_R","Defend_R","Defend_R","Defend_R","Bash+1","Impervious+1","Sword Boomerang","Pommel Strike","Spot Weakness+1","Carnage+1","Immolate+1","Body Slam+1","Armaments+1","Juggernaut+1","Flame Barrier+1","Feed+1","Corruption","Heavy Blade+1","Clothesline+1","Battle Trance","Impervious","Evolve","Uppercut+1","Feel No Pain+1","Bludgeon+1","Disarm+1","Feel No Pain+1","Demon Form+1","Flame Barrier","Combust"],"relics":["Burning Blood","Juzu Bracelet","Molten Egg 2","Vajra","Self Forming Clay","Snecko Eye","Tiny Chest","Bag of Preparation","Pantograph","Orichalcum","Runic Dome","Bird Faced Urn","The Courier","Anchor","Smiling Mask","Ornamental Fan","Dream Catcher","Mummified Hand","Centennial Puzzle","Oddly Smooth Stone"],"potions_floor_usage":[4,7,16,27,33,56,56],"damage_taken":[{"damage":6,"enemies":"Cultist","floor":1,"turns":3},{"damage":2,"enemies":"Jaw Worm","floor":2,"turns":4},{"damage":13,"enemies":"Small Slimes","floor":3,"turns":6},{"damage":5,"enemies":"Exordium Wildlife","floor":4,"turns":4},{"damage":25,"enemies":"Lagavulin","floor":7,"turns":6},{"damage":11,"enemies":"Gremlin Nob","floor":13,"turns":3},{"damage":0,"enemies":"Looter","floor":14,"turns":2},{"damage":4,"enemies":"Slime Boss","floor":16,"turns":6},{"damage":0,"enemies":"Spheric Guardian","floor":18,"turns":3},{"damage":6,"enemies":"2 Thieves","floor":22,"turns":2},{"damage":27,"enemies":"Slavers","floor":24,"turns":8},{"damage":2,"enemies":"Book of Stabbing","floor":27,"turns":4},{"damage":0,"enemies":"Cultist and Chosen","floor":28,"turns":2},{"damage":0,"enemies":"Centurion and Healer","floor":29,"turns":3},{"damage":0,"enemies":"Chosen and Byrds","floor":30,"turns":2},{"damage":14,"enemies":"Gremlin Leader","floor":31,"turns":5},{"damage":19,"enemies":"Collector","floor":33,"turns":7},{"damage":17,"enemies":"3 Darklings","floor":35,"turns":5},{"damage":35,"enemies":"2 Orb Walkers","floor":36,"turns":5},{"damage":0,"enemies":"Orb Walker","floor":37,"turns":3},{"damage":20,"enemies":"Spire Growth","floor":39,"turns":3},{"damage":11,"enemies":"Nemesis","floor":41,"turns":5},{"damage":11,"enemies":"Writhing Mass","floor":42,"turns":3},{"damage":11,"enemies":"4 Shapes","floor":45,"turns":3},{"damage":10,"enemies":"Reptomancer","floor":46,"turns":5},{"damage":21,"enemies":"Nemesis","floor":48,"turns":5},{"damage":37,"enemies":"Donu and Deca","floor":50,"turns":10},{"damage":38,"enemies":"Awakened One","floor":51,"turns":8},{"damage":36,"enemies":"Shield and Spear","floor":55,"turns":6},{"damage":12,"enemies":"The Heart","floor":56,"turns":6}],"seed_played":"-3676410358468004430","potions_obtained":[{"floor":2,"key":"Weak Potion"},{"floor":3,"key":"EssenceOfSteel"},{"floor":7,"key":"SpeedPotion"},{"floor":14,"key":"Fire Potion"},{"floor":16,"key":"Block Potion"},{"floor":18,"key":"Strength Potion"},{"floor":27,"key":"Ancient Potion"},{"floor":33,"key":"LiquidBronze"}],"is_trial":false,"path_per_floor":["M","M","M","M","?","R","E","R","T","?","$","R","E","M","R","B",null,"M","?","$","?","M","R","E","R","T","E","M","M","M","E","R","B",null,"M","?","M","$","M","R","E","M","T","T","M","E","T","E","R","B","B",null,"R","$","E","B",null],"character_chosen":"IRONCLAD","items_purchased":["Vajra","Juggernaut","Uppercut+1","Mummified Hand","Centennial Puzzle","Flame Barrier"],"campfire_rested":1,"item_purchase_floors":[11,20,38,54,54,54],"current_hp_per_floor":[50,54,47,48,48,48,29,29,29,18,18,40,35,41,41,43,67,73,73,73,73,73,73,52,52,52,56,62,72,82,78,78,74,84,77,52,62,62,56,56,63,64,64,64,67,75,75,74,74,82,91,115,115,115,101,127],"gold":52,"neow_bonus":"THREE_RARE_CARDS","is_prod":false,"is_daily":false,"chose_seed":false,"campfire_upgraded":8,"win_rate":0,"timestamp":1552513541,"path_taken":["M","M","M","M","?","R","E","R","T","?","$","R","E","M","R","BOSS","M","?","$","?","M","R","E","R","T","E","M","M","M","E","R","BOSS","M","?","M","$","M","R","E","M","T","?","M","E","?","E","R","BOSS","BOSS","R","$","E","BOSS"],"build_version":"2019-02-06","purchased_purges":3,"victory":true,"max_hp_per_floor":[75,75,75,75,75,75,75,75,75,75,75,75,75,75,75,75,75,75,75,75,75,75,75,75,75,75,75,75,79,83,87,87,87,87,91,95,95,95,99,99,103,103,103,103,107,111,111,115,115,119,123,123,123,123,127,127],"card_choices":[{"not_picked":["Brutality","Barricade"],"picked":"Impervious","floor":0},{"not_picked":["Seeing Red","Warcry"],"picked":"Sword Boomerang","floor":1},{"not_picked":["Flex","Iron Wave"],"picked":"Pommel Strike","floor":2},{"not_picked":["Second Wind","Armaments"],"picked":"Spot Weakness","floor":3},{"not_picked":["Juggernaut","Headbutt"],"picked":"Carnage","floor":4},{"not_picked":["Clothesline","Burning Pact"],"picked":"Immolate","floor":7},{"not_picked":["Dropkick+1","Rampage+1"],"picked":"Body Slam+1","floor":13},{"not_picked":["Wild Strike+1","Perfected Strike+1","Body Slam+1"],"picked":"SKIP","floor":14},{"not_picked":["Warcry","Wild Strike+1"],"picked":"Armaments+1","floor":18},{"not_picked":["Havoc","Sever Soul+1"],"picked":"Flame Barrier","floor":22},{"not_picked":["Cleave+1","Havoc"],"picked":"Feed+1","floor":24},{"not_picked":["Warcry","Hemokinesis+1"],"picked":"Corruption","floor":27},{"not_picked":["Armaments","Blood for Blood+1"],"picked":"Heavy Blade+1","floor":28},{"not_picked":["Corruption","Fire Breathing"],"picked":"Clothesline+1","floor":29},{"not_picked":["Twin Strike+1","Clothesline+1","Body Slam+1"],"picked":"SKIP","floor":30},{"not_picked":["Immolate+1","Body Slam+1"],"picked":"Battle Trance","floor":31},{"not_picked":["Fiend Fire+1","Double Tap"],"picked":"Impervious","floor":33},{"not_picked":["Body Slam+1","Whirlwind+1","Combust+1"],"picked":"SKIP","floor":35},{"not_picked":["Anger+1","Iron Wave+1"],"picked":"Evolve","floor":36},{"not_picked":["Twin Strike+1","True Grit","Pommel Strike+1"],"picked":"SKIP","floor":37},{"not_picked":["Disarm","True Grit"],"picked":"Feel No Pain+1","floor":39},{"not_picked":["Seeing Red","Flex"],"picked":"Bludgeon+1","floor":41},{"not_picked":["Spot Weakness","Corruption+1"],"picked":"Disarm+1","floor":42},{"not_picked":["Anger+1","Warcry"],"picked":"Feel No Pain+1","floor":45},{"not_picked":["Battle Trance","Twin Strike+1"],"picked":"Demon Form","floor":46},{"not_picked":["Whirlwind+1","Battle Trance","Reckless Charge+1"],"picked":"SKIP","floor":48},{"not_picked":["Combust","Body Slam+1","Whirlwind+1"],"picked":"SKIP","floor":55},{"not_picked":["Body Slam+1","Whirlwind+1"],"picked":"Combust","floor":55}],"player_experience":5154525,"relics_obtained":[{"floor":7,"key":"Juzu Bracelet"},{"floor":9,"key":"Molten Egg 2"},{"floor":13,"key":"Self Forming Clay"},{"floor":24,"key":"Tiny Chest"},{"floor":26,"key":"Bag of Preparation"},{"floor":27,"key":"Pantograph"},{"floor":31,"key":"Orichalcum"},{"floor":36,"key":"Bird Faced Urn"},{"floor":41,"key":"The Courier"},{"floor":44,"key":"Anchor"},{"floor":46,"key":"Smiling Mask"},{"floor":47,"key":"Ornamental Fan"},{"floor":48,"key":"Dream Catcher"},{"floor":55,"key":"Oddly Smooth Stone"}],"event_choices":[{"cards_removed":["Strike_R"],"damage_healed":0,"gold_gain":0,"player_choice":"Purged","damage_taken":0,"max_hp_gain":0,"max_hp_loss":0,"event_name":"Purifier","floor":5,"gold_loss":0},{"damage_healed":0,"gold_gain":75,"player_choice":"Gather Gold","damage_taken":11,"max_hp_gain":0,"max_hp_loss":0,"event_name":"World of Goop","floor":10,"gold_loss":0},{"damage_healed":0,"gold_gain":50,"player_choice":"Stole From Cult","damage_taken":0,"max_hp_gain":0,"max_hp_loss":0,"event_name":"Nest","floor":19,"gold_loss":0},{"damage_healed":0,"gold_gain":0,"player_choice":"Ignored","damage_taken":0,"max_hp_gain":0,"max_hp_loss":0,"event_name":"Beggar","floor":21,"gold_loss":0},{"damage_healed":0,"gold_gain":0,"player_choice":"Fight","damage_taken":0,"max_hp_gain":0,"max_hp_loss":0,"event_name":"Mysterious Sphere","floor":36,"gold_loss":0}],"is_beta":true,"boss_relics":[{"not_picked":["Pandora\u0027s Box","Astrolabe"],"picked":"Snecko Eye"},{"not_picked":["Mark of Pain","Philosopher\u0027s Stone"],"picked":"Runic Dome"}],"items_purged_floors":[11,20,38],"is_endless":false,"potions_floor_spawned":[2,3,7,14,16,18,27,29,31,33,39,48],"ascension_level":20}