{"gold_per_floor":[110,260,100,120,120,120,151,151,175,175,175,202,216,33,33,111,111,122,47,47,47,47,47,82,100,152,152,152,1,1,13,13,89,89,107,107,19,19,30,30,61,81,107,125,41,41,41,56,56,56],"floor_reached":50,"playtime":2054,"items_purged":["Doubt","Strike_B"],"score":1084,"play_id":"11e96b72-c312-4c5b-9f4a-5fcd3d8acf64","local_time":"20190313164415","is_ascension_mode":true,"campfire_choices":[{"data":"Zap","floor":6,"key":"SMITH"},{"data":"Sunder","floor":8,"key":"SMITH"},{"data":"Loop","floor":10,"key":"SMITH"},{"data":"Skim","floor":15,"key":"SMITH"},{"floor":23,"key":"REST"},{"floor":27,"key":"REST"},{"data":"Darkness","floor":30,"key":"SMITH"},{"data":"Coolheaded","floor":32,"key":"SMITH"},{"floor":40,"key":"REST"},{"floor":46,"key":"REST"},{"floor":49,"key":"RECALL"}],"neow_cost":"NONE","seed_source_timestamp":195274462064386,"circlet_count":0,"master_deck":["AscendersBane","Defend_B+1","Defend_B+1","Defend_B+1","Defend_B+1","Zap+1","Dualcast","Loop+1","Defragment+1","Static Discharge","Sunder+1","FTL","Darkness+1","Skim+1","Amplify","Go for the Eyes+1","Coolheaded+1","Conserve Battery+1","Undo","Loop","Steam+1","Seek","Consume","Defragment+1","Loop","Static Discharge+1","Chill+1","Capacitor"],"relics":["Cracked Core","NeowsBlessing","Mummified Hand","PreservedInsect","Pantograph","Sozu","Mercury Hourglass","Symbiotic Virus","Blood Vial","Orrery","Juzu Bracelet"],"potions_floor_usage":[42,50],"damage_taken":[{"damage":0,"enemies":"2 Louse","floor":1,"turns":1},{"damage":0,"enemies":"Jaw Worm","floor":4,"turns":1},{"damage":0,"enemies":"3 Sentries","floor":7,"turns":2},{"damage":10,"enemies":"Lagavulin","floor":12,"turns":5},{"damage":17,"enemies":"Small Slimes","floor":13,"turns":3},{"damage":26,"enemies":"Hexaghost","floor":16,"turns":7},{"damage":29,"enemies":"Shell Parasite","floor":18,"turns":4},{"damage":29,"enemies":"Book of Stabbing","floor":24,"turns":3},{"damage":2,"enemies":"3 Byrds","floor":25,"turns":3},{"damage":6,"enemies":"Centurion and Healer","floor":31,"turns":3},{"damage":5,"enemies":"Collector","floor":33,"turns":7},{"damage":15,"enemies":"Orb Walker","floor":35,"turns":4},{"damage":24,"enemies":"3 Darklings","floor":39,"turns":4},{"damage":54,"enemies":"Reptomancer","floor":41,"turns":4},{"damage":0,"enemies":"Writhing Mass","floor":42,"turns":4},{"damage":1,"enemies":"Transient","floor":44,"turns":6},{"damage":0,"enemies":"Sphere and 2 Shapes","floor":48,"turns":7},{"damage":57,"enemies":"Time Eater","floor":50,"turns":5}],"seed_played":"-9007588646983386694","potions_obtained":[{"floor":1,"key":"SkillPotion"},{"floor":4,"key":"Weak Potion"},{"floor":12,"key":"Block Potion"},{"floor":13,"key":"PowerPotion"}],"is_trial":false,"path_per_floor":["M","?","$","M","?","R","E","R","T","R","?","E","M","$","R","B",null,"M","?","?","$","T","R","E","M","T","R","?","$","R","M","R","B",null,"M","?","$","?","M","R","E","M","T","M","$","R","?","M","R","B"],"character_chosen":"DEFECT","items_purchased":["Defragment","Skim","Undo","Loop","Loop","Capacitor"],"campfire_rested":4,"item_purchase_floors":[3,14,29,29,37,45],"current_hp_per_floor":[64,64,64,64,64,64,64,64,64,64,57,47,30,30,30,29,61,32,32,32,32,32,53,24,22,22,43,43,43,43,39,39,61,69,56,56,56,56,34,55,3,5,5,6,6,27,27,29,29,0],"gold":56,"neow_bonus":"THREE_ENEMY_KILL","is_prod":false,"is_daily":false,"chose_seed":false,"campfire_upgraded":6,"win_rate":0,"timestamp":1552520655,"path_taken":["M","?","$","M","?","R","E","R","T","R","?","E","M","$","R","BOSS","M","?","?","$","?","R","E","M","T","R","?","$","R","M","R","BOSS","M","?","$","?","?","R","E","M","T","M","?","R","?","M","R","BOSS"],"build_version":"2019-02-06","purchased_purges":2,"victory":false,"max_hp_per_floor":[71,71,71,71,71,71,71,71,71,71,71,71,71,71,71,71,71,71,71,71,71,71,71,71,71,71,71,71,71,71,71,71,71,71,71,71,71,71,71,71,71,71,71,71,71,71,71,71,71,71],"card_choices":[{"not_picked":["Storm","Hologram"],"picked":"Loop","floor":1},{"not_picked":["Capacitor","Go for the Eyes"],"picked":"Static Discharge","floor":4},{"not_picked":["Sweeping Beam","Cold Snap"],"picked":"Sunder","floor":7},{"not_picked":["Barrage","Sweeping Beam"],"picked":"FTL","floor":12},{"not_picked":["Reboot","Conserve Battery"],"picked":"Darkness","floor":13},{"not_picked":["Hyperbeam","Reboot"],"picked":"Amplify","floor":16},{"not_picked":["Rebound","Turbo"],"picked":"Go for the Eyes+1","floor":18},{"not_picked":["Double Energy","Gash"],"picked":"Coolheaded","floor":24},{"not_picked":["Scrape","Leap"],"picked":"Conserve Battery+1","floor":25},{"not_picked":["Melter","Static Discharge"],"picked":"Steam+1","floor":31},{"not_picked":["All For One","Reboot"],"picked":"Seek","floor":33},{"not_picked":["Cold Snap","Storm"],"picked":"Consume","floor":34},{"not_picked":["Loop+1","Doom and Gloom"],"picked":"Defragment+1","floor":35},{"not_picked":["Tempest","Blizzard+1"],"picked":"Static Discharge+1","floor":39},{"not_picked":["BootSequence","Melter","Consume"],"picked":"SKIP","floor":41},{"not_picked":["Rip and Tear+1","Redo+1","Steam+1"],"picked":"SKIP","floor":42},{"not_picked":["Stack","Darkness"],"picked":"Chill+1","floor":44},{"not_picked":["Loop","Steam Power","Scrape"],"picked":"SKIP","floor":48}],"player_experience":5163205,"relics_obtained":[{"floor":7,"key":"Mummified Hand"},{"floor":9,"key":"PreservedInsect"},{"floor":12,"key":"Pantograph"},{"floor":22,"key":"Mercury Hourglass"},{"floor":24,"key":"Symbiotic Virus"},{"floor":26,"key":"Blood Vial"},{"floor":41,"key":"Juzu Bracelet"}],"event_choices":[{"damage_healed":0,"gold_gain":150,"player_choice":"AGREE","damage_taken":0,"max_hp_gain":0,"max_hp_loss":0,"event_name":"Liars Game","floor":2,"gold_loss":0,"cards_obtained":["Doubt"]},{"damage_healed":0,"gold_gain":0,"player_choice":"Grow","damage_taken":0,"max_hp_gain":0,"max_hp_loss":0,"event_name":"Living Wall","floor":5,"gold_loss":0,"cards_upgraded":["Defragment"]},{"cards_removed":["Strike_B"],"damage_healed":0,"gold_gain":0,"player_choice":"Card Removal","damage_taken":7,"max_hp_gain":0,"max_hp_loss":0,"event_name":"Golden Wing","floor":11,"gold_loss":0},{"cards_removed":["Strike_B"],"damage_healed":0,"gold_gain":0,"player_choice":"Gave Gold","damage_taken":0,"max_hp_gain":0,"max_hp_loss":0,"event_name":"Beggar","floor":19,"gold_loss":75},{"damage_healed":0,"gold_gain":0,"player_choice":"Ignored","damage_taken":0,"max_hp_gain":0,"max_hp_loss":0,"event_name":"Vampires","floor":20,"gold_loss":0},{"damage_healed":0,"gold_gain":0,"player_choice":"Simplicity","damage_taken":0,"max_hp_gain":0,"max_hp_loss":0,"event_name":"Back to Basics","floor":28,"gold_loss":0,"cards_upgraded":["Strike_B","Defend_B","Defend_B","Defend_B","Defend_B"]},{"damage_healed":0,"gold_gain":0,"player_choice":"Memory 1","damage_taken":0,"max_hp_gain":0,"max_hp_loss":0,"event_name":"SensoryStone","floor":36,"gold_loss":0},{"cards_removed":["Strike_B"],"damage_healed":0,"gold_gain":0,"player_choice":"Removed Attack","damage_taken":0,"max_hp_gain":0,"max_hp_loss":0,"event_name":"Falling","floor":38,"gold_loss":0},{"damage_healed":0,"gold_gain":0,"player_choice":"Ignored","damage_taken":0,"max_hp_gain":0,"max_hp_loss":0,"event_name":"The Moai Head","floor":47,"gold_loss":0}],"is_beta":true,"boss_relics":[{"not_picked":["Lizard Tail","Calling Bell"],"picked":"Sozu"},{"not_picked":["Coffee Dripper","Velvet Choker"],"picked":"Orrery"}],"items_purged_floors":[3,14],"is_endless":false,"potions_floor_spawned":[1,4,12,13,18,31,35,39,44],"killed_by":"Time Eater","ascension_level":20}