{"gold_per_floor":[116,132,57,7,31,43,88,116,154,191,222,250,272,317,329,413,425,425,350,250,12,12,12,12,12,12,12,12,12,12,12,12,12],"floor_reached":33,"playtime":2390,"items_purged":["Strike_G"],"score":710,"play_id":"1e5fe9f8-a1a8-4e89-92e9-0a6888309aa2","local_time":"20190316131227","is_ascension_mode":true,"campfire_choices":[{"data":"Neutralize","floor":6,"key":"SMITH"},{"data":"Noxious Fumes","floor":15,"key":"SMITH"},{"data":"Footwork","floor":23,"key":"SMITH"},{"data":"Footwork","floor":25,"key":"SMITH"},{"floor":27,"key":"REST"},{"data":"Leg Sweep","floor":32,"key":"SMITH"}],"neow_cost":"NONE","seed_source_timestamp":61249348858965,"circlet_count":0,"master_deck":["AscendersBane","Defend_G","Defend_G","Defend_G","Defend_G","Defend_G","Strike_G","Strike_G","Survivor","Neutralize+1","Endless Agony","Dagger Spray","Backflip","Poisoned Stab","Leg Sweep+1","Footwork+1","Noxious Fumes+1","Footwork+1","Dagger Spray","PiercingWail","PiercingWail","Backflip","Infinite Blades+1","Leg Sweep+1"],"relics":["Ring of the Snake","PreservedInsect","MawBank","Vajra","Regal Pillow","Ornamental Fan","Ectoplasm","Oddly Smooth Stone","Tiny Chest","Paper Crane","Thread and Needle"],"potions_floor_usage":[7,10,12,16,24,33,33],"damage_taken":[{"damage":3,"enemies":"2 Louse","floor":1,"turns":4},{"damage":0,"enemies":"Jaw Worm","floor":2,"turns":5},{"damage":1,"enemies":"Cultist","floor":5,"turns":3},{"damage":1,"enemies":"Gremlin Nob","floor":7,"turns":3},{"damage":9,"enemies":"Gremlin Gang","floor":8,"turns":4},{"damage":10,"enemies":"3 Sentries","floor":10,"turns":7},{"damage":0,"enemies":"Blue Slaver","floor":11,"turns":4},{"damage":5,"enemies":"Exordium Thugs","floor":12,"turns":4},{"damage":0,"enemies":"3 Louse","floor":13,"turns":3},{"damage":2,"enemies":"Lagavulin","floor":14,"turns":7},{"damage":0,"enemies":"The Guardian","floor":16,"turns":12},{"damage":0,"enemies":"Spheric Guardian","floor":18,"turns":6},{"damage":11,"enemies":"2 Thieves","floor":20,"turns":4},{"damage":31,"enemies":"Slavers","floor":24,"turns":6},{"damage":0,"enemies":"Chosen and Byrds","floor":29,"turns":7},{"damage":3,"enemies":"Gremlin Leader","floor":31,"turns":7},{"damage":70,"enemies":"Champ","floor":33,"turns":22}],"seed_played":"-7752870906869158377","potions_obtained":[{"floor":1,"key":"LiquidBronze"},{"floor":5,"key":"Strength Potion"},{"floor":8,"key":"Regen Potion"},{"floor":10,"key":"Fire Potion"},{"floor":14,"key":"AttackPotion"},{"floor":20,"key":"Energy Potion"},{"floor":29,"key":"Dexterity Potion"},{"floor":31,"key":"GhostInAJar"}],"is_trial":false,"path_per_floor":["M","M","?","?","M","R","E","M","T","E","M","M","M","E","R","B",null,"M","?","M","$","?","R","E","R","T","R","T","M","?","E","R","B"],"character_chosen":"THE_SILENT","items_purchased":["Oddly Smooth Stone"],"campfire_rested":1,"item_purchase_floors":[21],"current_hp_per_floor":[56,56,56,56,55,55,54,45,45,50,50,45,45,43,43,43,60,60,60,49,49,49,49,18,18,18,52,52,52,52,49,49,0],"gold":12,"neow_bonus":"RANDOM_COMMON_RELIC","is_prod":false,"is_daily":false,"chose_seed":false,"campfire_upgraded":5,"win_rate":0,"timestamp":1552767147,"path_taken":["M","M","?","?","M","R","E","M","T","E","?","?","M","E","R","BOSS","M","?","M","?","?","R","E","R","T","R","?","?","?","E","R","BOSS"],"build_version":"2019-03-15","purchased_purges":1,"victory":false,"max_hp_per_floor":[66,66,66,66,66,66,66,66,66,66,66,66,66,66,66,66,66,66,66,66,66,66,66,66,66,66,66,66,66,66,66,66,66],"card_choices":[{"not_picked":["Prepared","Acrobatics","Outmaneuver"],"picked":"SKIP","floor":1},{"not_picked":["Caltrops","Setup"],"picked":"Endless Agony","floor":2},{"not_picked":["Quick Slash","Deflect"],"picked":"Dagger Spray","floor":5},{"not_picked":["Night Terror","Underhanded Strike"],"picked":"Backflip","floor":7},{"not_picked":["Quick Slash","Sucker Punch"],"picked":"Poisoned Stab","floor":8},{"not_picked":["Dagger Throw","Underhanded Strike"],"picked":"Leg Sweep","floor":10},{"not_picked":["Riddle With Holes","Underhanded Strike","Phantasmal Killer"],"picked":"SKIP","floor":11},{"not_picked":["Dash","Backflip"],"picked":"Footwork","floor":12},{"not_picked":["Quick Slash","Prepared"],"picked":"Noxious Fumes","floor":13},{"not_picked":["Bane","Dodge and Roll"],"picked":"Footwork","floor":14},{"not_picked":["Quick Slash","Dagger Spray","Tactician"],"picked":"SKIP","floor":18},{"not_picked":["Quick Slash","Tactician"],"picked":"Dagger Spray","floor":18},{"not_picked":["Backflip","Infinite Blades"],"picked":"PiercingWail","floor":20},{"not_picked":["Underhanded Strike","Dash"],"picked":"Backflip","floor":24},{"not_picked":["All Out Attack","Sucker Punch"],"picked":"Infinite Blades+1","floor":29},{"not_picked":["Eviscerate","Slice+1"],"picked":"Leg Sweep+1","floor":31}],"player_experience":5194443,"relics_obtained":[{"floor":7,"key":"Vajra"},{"floor":9,"key":"Regal Pillow"},{"floor":14,"key":"Ornamental Fan"},{"floor":24,"key":"Tiny Chest"},{"floor":28,"key":"Paper Crane"},{"floor":31,"key":"Thread and Needle"}],"event_choices":[{"cards_removed":["Strike_G"],"damage_healed":0,"gold_gain":0,"player_choice":"Card Removal","damage_taken":0,"max_hp_gain":0,"max_hp_loss":0,"event_name":"The Cleric","floor":3,"gold_loss":75},{"damage_healed":0,"gold_gain":0,"player_choice":"Paid Gold","damage_taken":0,"relics_obtained":["MawBank"],"max_hp_gain":0,"max_hp_loss":0,"event_name":"WeMeetAgain","floor":4,"gold_loss":50},{"cards_removed":["Strike_G"],"damage_healed":0,"gold_gain":0,"player_choice":"Gave Gold","damage_taken":0,"max_hp_gain":0,"max_hp_loss":0,"event_name":"Beggar","floor":19,"gold_loss":75},{"damage_healed":0,"gold_gain":0,"player_choice":"Read","damage_taken":0,"max_hp_gain":0,"max_hp_loss":0,"event_name":"The Library","floor":22,"gold_loss":0,"cards_obtained":["PiercingWail"]}],"is_beta":true,"boss_relics":[{"not_picked":["Empty Cage","Tiny House"],"picked":"Ectoplasm"}],"items_purged_floors":[21],"is_endless":false,"potions_floor_spawned":[1,5,8,10,11,14,20,29,31],"killed_by":"Champ","ascension_level":20}