{"gold_per_floor":[118,129,17,17,17,52,52,68,122,122,134,145,57,92,92,166,166,186,186,286,304,84,84,141,155,155,155,80,112,112,27,27,100,100,117,129,176,191,191,219,219,247,272,288,288,107,137,151,151,151,151,151,151,97,131,131],"floor_reached":56,"playtime":4420,"items_purged":["Strike_R","Strike_R+1","Regret"],"score":2012,"play_id":"afb3a638-0f20-4430-b922-50fa8f63c19e","local_time":"20190318164824","is_ascension_mode":true,"campfire_choices":[{"data":"Bash","floor":7,"key":"SMITH"},{"floor":10,"key":"REST"},{"data":"Combust","floor":15,"key":"SMITH"},{"floor":23,"key":"REST"},{"data":"Shockwave","floor":27,"key":"SMITH"},{"data":"Double Tap","floor":30,"key":"SMITH"},{"data":"Shrug It Off","floor":32,"key":"SMITH"},{"data":"Juggernaut","floor":41,"key":"SMITH"},{"floor":45,"key":"RECALL"},{"data":"Disarm","floor":49,"key":"SMITH"},{"data":"Dual Wield","floor":53,"key":"SMITH"}],"neow_cost":"NONE","seed_source_timestamp":105507316463302,"circlet_count":0,"master_deck":["AscendersBane","Strike_R+1","Strike_R+1","Defend_R+1","Defend_R+1","Defend_R+1","Defend_R+1","Bash+1","Clothesline","Pommel Strike","Hemokinesis+1","Shrug It Off+1","Headbutt","Combust+1","Offering","Heavy Blade","Shockwave+1","Uppercut","Reaper","Double Tap+1","Juggernaut+1","Dual Wield+1","Reaper","Fiend Fire","Flame Barrier","Impervious","Disarm+1","Spot Weakness"],"relics":["Burning Blood","Bronze Scales","Blood Vial","Regal Pillow","Pear","Snecko Eye","Ice Cream","Self Forming Clay","Tiny Chest","Bottled Lightning","Anchor","Letter Opener","Cursed Key","Incense Burner","Kunai","PreservedInsect","Centennial Puzzle","Red Skull"],"potions_floor_usage":[14,20,40,50,55,56],"damage_taken":[{"damage":6,"enemies":"Cultist","floor":1,"turns":3},{"damage":10,"enemies":"2 Louse","floor":2,"turns":4},{"damage":44,"enemies":"3 Sentries","floor":6,"turns":8},{"damage":2,"enemies":"Small Slimes","floor":8,"turns":3},{"damage":3,"enemies":"Blue Slaver","floor":11,"turns":4},{"damage":2,"enemies":"Exordium Wildlife","floor":12,"turns":2},{"damage":21,"enemies":"Lagavulin","floor":14,"turns":6},{"damage":52,"enemies":"Slime Boss","floor":16,"turns":9},{"damage":30,"enemies":"2 Thieves","floor":18,"turns":3},{"damage":20,"enemies":"Colosseum Slavers","floor":20,"turns":3},{"damage":19,"enemies":"Colosseum Nobs","floor":20,"turns":3},{"damage":2,"enemies":"Spheric Guardian","floor":21,"turns":3},{"damage":17,"enemies":"Gremlin Leader","floor":24,"turns":4},{"damage":0,"enemies":"Snecko","floor":25,"turns":4},{"damage":25,"enemies":"Slavers","floor":29,"turns":3},{"damage":28,"enemies":"Automaton","floor":33,"turns":6},{"damage":17,"enemies":"3 Darklings","floor":35,"turns":4},{"damage":6,"enemies":"Orb Walker","floor":36,"turns":2},{"damage":30,"enemies":"2 Orb Walkers","floor":37,"turns":4},{"damage":6,"enemies":"Sphere and 2 Shapes","floor":38,"turns":3},{"damage":23,"enemies":"Giant Head","floor":40,"turns":6},{"damage":9,"enemies":"Nemesis","floor":42,"turns":3},{"damage":22,"enemies":"Jaw Worm Horde","floor":44,"turns":5},{"damage":28,"enemies":"Reptomancer","floor":47,"turns":5},{"damage":23,"enemies":"Maw","floor":48,"turns":6},{"damage":40,"enemies":"Donu and Deca","floor":50,"turns":12},{"damage":14,"enemies":"Awakened One","floor":51,"turns":15},{"damage":6,"enemies":"Shield and Spear","floor":55,"turns":4},{"damage":199,"enemies":"The Heart","floor":56,"turns":9}],"seed_played":"7436447981512969249","potions_obtained":[{"floor":8,"key":"EssenceOfSteel"},{"floor":12,"key":"Energy Potion"},{"floor":14,"key":"FearPotion"},{"floor":21,"key":"Poison Potion"},{"floor":24,"key":"PowerPotion"},{"floor":33,"key":"EssenceOfSteel"},{"floor":42,"key":"Energy Potion"}],"is_trial":false,"path_per_floor":["M","M","$","?","?","E","R","M","T","R","M","M","$","E","R","B",null,"M","?","?","M","$","R","E","M","T","R","?","E","R","?","R","B",null,"M","M","?","M","?","E","R","E","T","M","R","$","E","M","R","B","B",null,"R","$","E","B"],"character_chosen":"IRONCLAD","items_purchased":["Hemokinesis","Combust","Shockwave","Uppercut","SteroidPotion","SteroidPotion"],"campfire_rested":2,"item_purchase_floors":[3,13,22,22,46,54],"current_hp_per_floor":[75,71,71,53,53,15,15,21,21,60,65,71,71,68,68,24,75,53,53,30,36,36,78,69,83,83,83,83,84,84,84,84,82,90,92,92,80,88,88,92,92,92,92,88,88,88,76,77,77,57,92,92,92,92,92,0],"gold":131,"neow_bonus":"TEN_PERCENT_HP_BONUS","is_prod":false,"is_daily":false,"chose_seed":false,"campfire_upgraded":8,"win_rate":0,"timestamp":1552952904,"path_taken":["M","?","$","?","?","E","R","M","T","R","M","M","$","E","R","BOSS","M","?","?","M","$","R","E","?","T","R","?","E","R","?","R","BOSS","M","M","?","M","?","E","R","E","T","?","R","$","E","M","R","BOSS","BOSS","R","$","E","BOSS"],"build_version":"2019-03-15","purchased_purges":3,"victory":false,"max_hp_per_floor":[82,82,82,82,82,82,82,82,82,82,82,82,82,92,92,92,92,92,92,92,92,92,92,92,92,92,92,92,92,92,92,92,92,92,92,92,92,92,92,92,92,92,92,92,92,92,92,92,92,92,92,92,92,92,92,92],"card_choices":[{"not_picked":["Heavy Blade","Perfected Strike"],"picked":"Clothesline","floor":1},{"not_picked":["Power Through","Havoc"],"picked":"Pommel Strike","floor":2},{"not_picked":["Pommel Strike","Dropkick"],"picked":"Shrug It Off","floor":6},{"not_picked":["Dual Wield","Searing Blow","Hemokinesis"],"picked":"SKIP","floor":8},{"not_picked":["Twin Strike","Iron Wave"],"picked":"Headbutt","floor":11},{"not_picked":["Thunderclap","Ghostly Armor","Clash"],"picked":"SKIP","floor":12},{"not_picked":["Twin Strike","Seeing Red","Clothesline"],"picked":"SKIP","floor":14},{"not_picked":["Brutality","Limit Break"],"picked":"Offering","floor":16},{"not_picked":["Body Slam","Havoc"],"picked":"Heavy Blade","floor":18},{"not_picked":["Heavy Blade","Pummel","Blood for Blood"],"picked":"SKIP","floor":21},{"not_picked":["Perfected Strike","Battle Trance+1"],"picked":"Reaper","floor":24},{"not_picked":["Heavy Blade","Uppercut","Sword Boomerang"],"picked":"SKIP","floor":25},{"not_picked":["Thunderclap","Armaments+1"],"picked":"Double Tap","floor":29},{"not_picked":["Double Tap","Immolate"],"picked":"Juggernaut","floor":33},{"not_picked":["Warcry","Twin Strike+1","Sword Boomerang+1"],"picked":"SKIP","floor":35},{"not_picked":["Pommel Strike+1","Headbutt","Clash"],"picked":"SKIP","floor":36},{"not_picked":["Carnage","Feel No Pain"],"picked":"Dual Wield","floor":37},{"not_picked":["Twin Strike","Headbutt","Dropkick+1"],"picked":"SKIP","floor":38},{"not_picked":["Dropkick","Havoc"],"picked":"Fiend Fire","floor":40},{"not_picked":["Dropkick+1","Shrug It Off+1"],"picked":"Flame Barrier","floor":42},{"not_picked":["Pommel Strike","Anger+1","Fire Breathing+1"],"picked":"SKIP","floor":44},{"not_picked":["Armaments+1","True Grit"],"picked":"Impervious","floor":47},{"not_picked":["Shrug It Off","Carnage"],"picked":"Disarm","floor":48},{"not_picked":["Cleave","Juggernaut"],"picked":"Spot Weakness","floor":55}],"player_experience":5228492,"relics_obtained":[{"floor":6,"key":"Blood Vial"},{"floor":9,"key":"Regal Pillow"},{"floor":14,"key":"Pear"},{"floor":20,"key":"Ice Cream"},{"floor":20,"key":"Self Forming Clay"},{"floor":24,"key":"Tiny Chest"},{"floor":26,"key":"Bottled Lightning"},{"floor":29,"key":"Anchor"},{"floor":37,"key":"Incense Burner"},{"floor":40,"key":"Kunai"},{"floor":42,"key":"PreservedInsect"},{"floor":47,"key":"Centennial Puzzle"},{"floor":55,"key":"Red Skull"}],"event_choices":[{"damage_healed":0,"gold_gain":0,"player_choice":"Success","damage_taken":18,"relics_obtained":["Bronze Scales"],"max_hp_gain":0,"max_hp_loss":0,"event_name":"Scrap Ooze","floor":4,"gold_loss":0},{"damage_healed":0,"gold_gain":0,"player_choice":"Grow","damage_taken":0,"max_hp_gain":0,"max_hp_loss":0,"event_name":"Living Wall","floor":5,"gold_loss":0,"cards_upgraded":["Hemokinesis"]},{"damage_healed":0,"gold_gain":0,"player_choice":"Simplicity","damage_taken":0,"max_hp_gain":0,"max_hp_loss":0,"event_name":"Back to Basics","floor":19,"gold_loss":0,"cards_upgraded":["Strike_R","Strike_R","Strike_R","Strike_R","Defend_R","Defend_R","Defend_R","Defend_R"]},{"damage_healed":0,"gold_gain":0,"player_choice":"Fight","damage_taken":0,"max_hp_gain":0,"max_hp_loss":0,"event_name":"Colosseum","floor":20,"gold_loss":0},{"damage_healed":0,"gold_gain":0,"player_choice":"Fought Nobs","damage_taken":0,"max_hp_gain":0,"max_hp_loss":0,"event_name":"Colosseum","floor":20,"gold_loss":0},{"cards_removed":["Strike_R"],"damage_healed":0,"gold_gain":0,"player_choice":"Gave Gold","damage_taken":0,"max_hp_gain":0,"max_hp_loss":0,"event_name":"Beggar","floor":28,"gold_loss":75},{"damage_healed":0,"gold_gain":0,"player_choice":"Obtained Relic","damage_taken":0,"relics_obtained":["Letter Opener"],"max_hp_gain":0,"max_hp_loss":0,"event_name":"Addict","floor":31,"gold_loss":85},{"damage_healed":0,"gold_gain":0,"player_choice":"Fight","damage_taken":0,"max_hp_gain":0,"max_hp_loss":0,"event_name":"Mysterious Sphere","floor":37,"gold_loss":0},{"damage_healed":0,"gold_gain":0,"player_choice":"Copied","damage_taken":0,"max_hp_gain":0,"max_hp_loss":0,"event_name":"Duplicator","floor":39,"gold_loss":0,"cards_obtained":["Reaper"]}],"is_beta":true,"boss_relics":[{"not_picked":["Philosopher\u0027s Stone","Coffee Dripper"],"picked":"Snecko Eye"},{"not_picked":["White Beast Statue","Mark of Pain"],"picked":"Cursed Key"}],"items_purged_floors":[3,22,46],"is_endless":false,"potions_floor_spawned":[8,12,14,20,21,24,33,35,36,42,44,48],"killed_by":"The Heart","ascension_level":20}