{"gold_per_floor":[111,131,206,206,216,216,243,203,281,294,327,341,341,21,21,95,95,69,89,102,24,24,24,55,75,151,151,151,151,151,161,161,234,234,251,8,26,26,26,26,51,51,77,77,94,109,144,164,164,164,164],"floor_reached":51,"playtime":4012,"items_purged":["Strike_G","Strike_G"],"score":1420,"play_id":"a1149f97-79fb-4227-8403-fb8e5bd052e0","local_time":"20190310163036","is_ascension_mode":true,"campfire_choices":[{"floor":6,"key":"REST"},{"data":"Deadly Poison","floor":13,"key":"SMITH"},{"floor":15,"key":"REST"},{"data":"A Thousand Cuts","floor":23,"key":"SMITH"},{"data":"Footwork","floor":27,"key":"SMITH"},{"data":"Catalyst","floor":29,"key":"SMITH"},{"data":"Well Laid Plans","floor":32,"key":"SMITH"},{"data":"Ghostly","floor":40,"key":"SMITH"},{"data":"Ghostly","floor":42,"key":"SMITH"},{"floor":49,"key":"RECALL"}],"neow_cost":"NONE","seed_source_timestamp":343064259325776,"circlet_count":0,"master_deck":["AscendersBane","Defend_G","Defend_G","Defend_G+1","Defend_G","Defend_G","Survivor","Neutralize","Well Laid Plans+1","Deadly Poison+1","Dash","PiercingWail+1","Burst","Bane+1","PiercingWail","A Thousand Cuts+1","Dodge and Roll","Poisoned Stab+1","Footwork+1","Catalyst+1","Blur","Ghostly","Ghostly+1","Ghostly+1","Calculated Gamble","Night Terror","Phantasmal Killer+1","Malaise+1","Predator+1","Acrobatics+1","Corpse Explosion","Blind","Backflip","Prepared+1"],"relics":["Ring of the Snake","Potion Belt","Bottled Flame","Molten Egg 2","Anchor","Membership Card","War Paint","Velvet Choker","Centennial Puzzle","Boot","Astrolabe","Toy Ornithopter","PreservedInsect","Dream Catcher","Omamori","Oddly Smooth Stone"],"potions_floor_usage":[11,16,16,20,24,25,41,50,50,50],"damage_taken":[{"damage":4,"enemies":"Small Slimes","floor":1,"turns":6},{"damage":7,"enemies":"Jaw Worm","floor":2,"turns":5},{"damage":0,"enemies":"Cultist","floor":5,"turns":4},{"damage":29,"enemies":"Lagavulin","floor":7,"turns":10},{"damage":2,"enemies":"Red Slaver","floor":10,"turns":6},{"damage":22,"enemies":"Gremlin Nob","floor":11,"turns":4},{"damage":1,"enemies":"Exordium Wildlife","floor":12,"turns":4},{"damage":21,"enemies":"Slime Boss","floor":16,"turns":12},{"damage":3,"enemies":"2 Thieves","floor":18,"turns":4},{"damage":9,"enemies":"Shell Parasite","floor":19,"turns":5},{"damage":0,"enemies":"Snake Plant","floor":20,"turns":4},{"damage":15,"enemies":"Book of Stabbing","floor":24,"turns":6},{"damage":6,"enemies":"Chosen and Byrds","floor":25,"turns":7},{"damage":15,"enemies":"Snecko","floor":31,"turns":6},{"damage":1,"enemies":"Champ","floor":33,"turns":9},{"damage":1,"enemies":"3 Darklings","floor":35,"turns":6},{"damage":0,"enemies":"3 Shapes","floor":37,"turns":7},{"damage":7,"enemies":"Reptomancer","floor":41,"turns":9},{"damage":0,"enemies":"3 Darklings","floor":45,"turns":5},{"damage":2,"enemies":"Transient","floor":46,"turns":6},{"damage":1,"enemies":"Giant Head","floor":47,"turns":8},{"damage":2,"enemies":"Spire Growth","floor":48,"turns":5},{"damage":31,"enemies":"Donu and Deca","floor":50,"turns":14},{"damage":1,"enemies":"Awakened One","floor":51,"turns":3}],"seed_played":"3266880486458840427","potions_obtained":[{"floor":7,"key":"FairyPotion"},{"floor":8,"key":"Ancient Potion"},{"floor":8,"key":"Poison Potion"},{"floor":8,"key":"GhostInAJar"},{"floor":11,"key":"Dexterity Potion"},{"floor":12,"key":"GhostInAJar"},{"floor":16,"key":"AttackPotion"},{"floor":20,"key":"Dexterity Potion"},{"floor":35,"key":"EssenceOfSteel"},{"floor":46,"key":"Explosive Potion"},{"floor":48,"key":"Block Potion"}],"is_trial":false,"path_per_floor":["M","M","?","?","M","R","E","?","T","M","E","M","R","$","R","B",null,"M","M","M","$","?","R","E","M","T","R","T","R","?","M","R","B",null,"M","$","M","?","$","R","E","R","T","?","M","M","E","M","R","B","B"],"character_chosen":"THE_SILENT","items_purchased":["Membership Card","War Paint","PiercingWail","Catalyst","Toy Ornithopter","PreservedInsect"],"campfire_rested":2,"item_purchase_floors":[14,14,14,21,36,36],"current_hp_per_floor":[55,48,37,19,19,38,9,9,9,7,6,5,5,5,24,3,50,47,38,38,38,38,38,23,17,17,17,17,17,17,2,2,1,25,24,24,24,24,24,24,22,22,22,22,22,20,19,17,17,1,0],"gold":164,"neow_bonus":"THREE_CARDS","is_prod":false,"is_daily":false,"chose_seed":false,"campfire_upgraded":7,"win_rate":0,"timestamp":1552260636,"path_taken":["M","M","?","?","M","R","E","?","T","M","E","M","R","$","R","BOSS","M","?","M","$","?","R","E","M","T","R","?","R","?","M","R","BOSS","M","$","M","?","$","R","E","R","T","?","M","M","E","M","R","BOSS","BOSS"],"build_version":"2019-02-06","purchased_purges":2,"victory":false,"max_hp_per_floor":[66,66,66,66,66,66,66,66,66,66,66,66,66,66,66,66,66,66,66,66,66,66,66,66,66,66,66,66,66,33,33,33,33,33,33,33,33,33,33,33,33,33,33,33,33,33,33,33,33,33,33],"card_choices":[{"not_picked":["Catalyst","Prepared"],"picked":"Well Laid Plans","floor":0},{"not_picked":["Flying Knee","Deflect"],"picked":"Deadly Poison","floor":1},{"not_picked":["Well Laid Plans","Concentrate","Eviscerate"],"picked":"SKIP","floor":2},{"not_picked":["Crippling Poison","Deadly Poison"],"picked":"Dash","floor":5},{"not_picked":["Eviscerate","Prepared"],"picked":"PiercingWail","floor":7},{"not_picked":["Cloak And Dagger","Slice+1"],"picked":"Dagger Spray+1","floor":10},{"not_picked":["Blade Dance","Heel Hook+1"],"picked":"Burst","floor":11},{"not_picked":["Flying Knee+1","Tactician"],"picked":"Bane+1","floor":12},{"not_picked":["Bullet Time","Phantasmal Killer"],"picked":"A Thousand Cuts","floor":16},{"not_picked":["Tactician","Flechettes+1"],"picked":"Dodge and Roll","floor":18},{"not_picked":["Slice+1","Sucker Punch+1"],"picked":"Poisoned Stab+1","floor":19},{"not_picked":["Burst","Dash+1"],"picked":"Footwork","floor":20},{"not_picked":["Masterful Stab+1","Endless Agony+1"],"picked":"Blur","floor":24},{"not_picked":["Skewer+1","Setup","Flechettes+1"],"picked":"SKIP","floor":25},{"not_picked":["Slice+1","Outmaneuver"],"picked":"Calculated Gamble","floor":31},{"not_picked":["Adrenaline","Bullet Time"],"picked":"Night Terror","floor":33},{"not_picked":["Prepared","Dagger Throw+1"],"picked":"Acrobatics+1","floor":35},{"not_picked":["Flying Knee+1","Prepared","Poisoned Stab+1"],"picked":"SKIP","floor":37},{"not_picked":["Flechettes+1","Bane+1"],"picked":"Corpse Explosion","floor":41},{"not_picked":["Dramatic Entrance+1","Mind Blast+1"],"picked":"Blind","floor":44},{"not_picked":["Terror","Prepared","Deflect"],"picked":"SKIP","floor":45},{"not_picked":["Deadly Poison","PiercingWail"],"picked":"Backflip","floor":46},{"not_picked":["Blur","Doppelganger"],"picked":"Prepared+1","floor":47},{"not_picked":["Slice+1","Concentrate","Dagger Spray+1"],"picked":"SKIP","floor":48}],"player_experience":5126910,"relics_obtained":[{"floor":7,"key":"Bottled Flame"},{"floor":9,"key":"Molten Egg 2"},{"floor":11,"key":"Anchor"},{"floor":24,"key":"Centennial Puzzle"},{"floor":28,"key":"Boot"},{"floor":41,"key":"Dream Catcher"},{"floor":43,"key":"Omamori"},{"floor":47,"key":"Oddly Smooth Stone"}],"event_choices":[{"damage_healed":0,"gold_gain":75,"player_choice":"Gather Gold","damage_taken":11,"max_hp_gain":0,"max_hp_loss":0,"event_name":"World of Goop","floor":3,"gold_loss":0},{"damage_healed":0,"gold_gain":0,"player_choice":"Success","damage_taken":18,"relics_obtained":["Potion Belt"],"max_hp_gain":0,"max_hp_loss":0,"event_name":"Scrap Ooze","floor":4,"gold_loss":0},{"damage_healed":0,"gold_gain":0,"player_choice":"Bought 3 Potions","damage_taken":0,"max_hp_gain":0,"max_hp_loss":0,"event_name":"The Woman in Blue","floor":8,"gold_loss":0},{"damage_healed":0,"gold_gain":0,"player_choice":"Ignored","damage_taken":0,"max_hp_gain":0,"max_hp_loss":0,"event_name":"The Mausoleum","floor":22,"gold_loss":0},{"damage_healed":0,"gold_gain":0,"player_choice":"Became a Ghost","damage_taken":0,"max_hp_gain":0,"max_hp_loss":33,"event_name":"Ghosts","floor":30,"gold_loss":0,"cards_obtained":["Ghostly","Ghostly","Ghostly"]},{"cards_removed":["Dagger Spray"],"damage_healed":0,"gold_gain":0,"player_choice":"Removed Attack","damage_taken":0,"max_hp_gain":0,"max_hp_loss":0,"event_name":"Falling","floor":38,"gold_loss":0},{"damage_healed":0,"gold_gain":0,"player_choice":"Memory 1","damage_taken":0,"max_hp_gain":0,"max_hp_loss":0,"event_name":"SensoryStone","floor":44,"gold_loss":0}],"is_beta":true,"boss_relics":[{"not_picked":["Runic Dome","HoveringKite"],"picked":"Velvet Choker"},{"not_picked":["Pandora\u0027s Box","Fusion Hammer"],"picked":"Astrolabe"}],"items_purged_floors":[21,36],"is_endless":false,"potions_floor_spawned":[7,11,12,16,20,35,46,48],"killed_by":"Awakened One","ascension_level":20}