{"gold_per_floor":[109,109,34,34,46,46,78,78,103,118,268,268,286,318,318,392,392,412,327,342,267,49,81,81,109,109,109,34,54,54,54,54,126,126,137,1136,1136,584,604,638,657,686,686,721,721,737,770,788,788,788,788,788,788,24,58,58],"floor_reached":57,"playtime":4532,"items_purged":["Strike_B","Normality","Normality"],"score":3003,"play_id":"2a4d5ec7-2cb0-4967-a425-64b8dcce16ef","local_time":"20190318152818","is_ascension_mode":true,"campfire_choices":[{"data":"Defragment","floor":6,"key":"SMITH"},{"data":"Zap","floor":8,"key":"SMITH"},{"data":"Undo","floor":12,"key":"SMITH"},{"data":"Coolheaded","floor":15,"key":"SMITH"},{"floor":24,"key":"REST"},{"data":"Biased Cognition","floor":27,"key":"SMITH"},{"data":"Ghostly","floor":32,"key":"SMITH"},{"floor":49,"key":"RECALL"},{"floor":53,"key":"REST"}],"neow_cost":"NONE","seed_source_timestamp":100541605874671,"circlet_count":0,"master_deck":["AscendersBane","Defend_B","Defend_B","Defend_B","Defend_B","Zap+1","Dualcast","Ball Lightning","Defragment+1","Undo+1","Coolheaded+1","Biased Cognition+1","Doom and Gloom","Ball Lightning","Coolheaded","Ghostly","Ghostly","Ghostly+1","Echo Form","Compile Driver","Core Surge","Barrage","Consume+1","Parasite","Leap+1","Multi-Cast"],"relics":["Cracked Core","NeowsBlessing","Gremlin Horn","Darkstone Periapt","Potion Belt","Pear","Velvet Choker","Matryoshka","Runic Capacitor","Mercury Hourglass","Vajra","Orichalcum","PreservedInsect","Bottled Lightning","Empty Cage","Strawberry","Medical Kit","Oddly Smooth Stone","Meat on the Bone","Symbiotic Virus","Dodecahedron","Dream Catcher","Mummified Hand","Cables","Pantograph"],"potions_floor_usage":[14,18,24,33,46,50,56,56,56,56],"damage_taken":[{"damage":0,"enemies":"Jaw Worm","floor":1,"turns":1},{"damage":0,"enemies":"Small Slimes","floor":5,"turns":1},{"damage":0,"enemies":"3 Sentries","floor":7,"turns":1},{"damage":3,"enemies":"2 Louse","floor":10,"turns":2},{"damage":0,"enemies":"Large Slime","floor":13,"turns":4},{"damage":0,"enemies":"Gremlin Nob","floor":14,"turns":3},{"damage":17,"enemies":"The Guardian","floor":16,"turns":13},{"damage":4,"enemies":"3 Byrds","floor":18,"turns":4},{"damage":0,"enemies":"Spheric Guardian","floor":20,"turns":3},{"damage":43,"enemies":"Slavers","floor":23,"turns":5},{"damage":0,"enemies":"Gremlin Leader","floor":25,"turns":4},{"damage":18,"enemies":"Snake Plant","floor":29,"turns":3},{"damage":36,"enemies":"Collector","floor":33,"turns":8},{"damage":0,"enemies":"3 Darklings","floor":35,"turns":4},{"damage":0,"enemies":"3 Shapes","floor":39,"turns":5},{"damage":9,"enemies":"Giant Head","floor":40,"turns":6},{"damage":0,"enemies":"Transient","floor":41,"turns":6},{"damage":7,"enemies":"Nemesis","floor":42,"turns":7},{"damage":37,"enemies":"Reptomancer","floor":44,"turns":4},{"damage":2,"enemies":"Writhing Mass","floor":46,"turns":5},{"damage":15,"enemies":"Nemesis","floor":47,"turns":5},{"damage":1,"enemies":"Sphere and 2 Shapes","floor":48,"turns":6},{"damage":9,"enemies":"Time Eater","floor":50,"turns":11},{"damage":16,"enemies":"Donu and Deca","floor":51,"turns":16},{"damage":22,"enemies":"Shield and Spear","floor":55,"turns":6},{"damage":57,"enemies":"The Heart","floor":56,"turns":9}],"seed_played":"-4654391716364789551","potions_obtained":[{"floor":1,"key":"Fruit Juice"},{"floor":10,"key":"EssenceOfSteel"},{"floor":13,"key":"GamblersBrew"},{"floor":23,"key":"Energy Potion"},{"floor":25,"key":"SkillPotion"},{"floor":39,"key":"PowerPotion"},{"floor":44,"key":"Strength Potion"},{"floor":47,"key":"FocusPotion"},{"floor":48,"key":"SpeedPotion"}],"is_trial":false,"path_per_floor":["M","?","?","?","M","R","E","R","T","M","?","R","M","E","R","B",null,"M","?","M","?","$","E","R","E","T","R","$","M","T","?","R","B",null,"M","?","?","$","M","E","M","E","T","E","?","M","E","M","R","B","B",null,"R","$","E","B",null],"character_chosen":"DEFECT","items_purchased":["Runic Capacitor","Strawberry","Medical Kit","Barrage","AttackPotion","Mummified Hand","Cables","Ancient Potion"],"campfire_rested":2,"item_purchase_floors":[22,38,38,38,38,54,54,54],"current_hp_per_floor":[64,59,59,64,64,64,64,64,64,61,67,67,67,77,77,60,84,80,80,80,80,80,37,71,71,71,71,71,53,53,48,48,12,39,39,51,51,58,58,49,49,42,42,17,17,33,30,41,41,44,40,65,73,73,51,28],"gold":58,"neow_bonus":"THREE_ENEMY_KILL","is_prod":false,"is_daily":false,"chose_seed":false,"campfire_upgraded":6,"win_rate":0,"timestamp":1552948098,"path_taken":["M","?","?","?","M","R","E","R","T","M","?","R","M","E","R","BOSS","M","?","M","?","$","E","R","E","T","R","?","M","?","?","R","BOSS","M","?","?","$","?","E","M","E","T","E","?","M","E","M","R","BOSS","BOSS","R","$","E","BOSS"],"build_version":"2019-03-15","purchased_purges":3,"victory":true,"max_hp_per_floor":[71,71,71,76,76,76,76,76,76,76,82,82,82,92,92,92,92,92,92,92,92,92,92,97,97,97,97,97,97,97,48,48,48,48,48,60,60,67,67,67,67,67,67,67,67,73,73,73,73,73,73,73,73,73,73,73],"card_choices":[{"not_picked":["Chaos","Lockon"],"picked":"Ball Lightning","floor":1},{"not_picked":["Turbo","Gash"],"picked":"Defragment","floor":5},{"not_picked":["Ball Lightning","Compile Driver"],"picked":"Undo","floor":7},{"not_picked":["Sunder","Stack"],"picked":"Coolheaded","floor":10},{"not_picked":["Beam Cell","Rebound","Double Energy"],"picked":"SKIP","floor":13},{"not_picked":["Sunder","Steam","Rip and Tear"],"picked":"SKIP","floor":14},{"not_picked":["Machine Learning","Meteor Strike"],"picked":"Biased Cognition","floor":16},{"not_picked":["Hologram","Streamline"],"picked":"Doom and Gloom","floor":18},{"not_picked":["Beam Cell","Undo","Turbo"],"picked":"SKIP","floor":20},{"not_picked":["Go for the Eyes","Thunder Strike"],"picked":"Ball Lightning","floor":23},{"not_picked":["Compile Driver","Machine Learning"],"picked":"Coolheaded","floor":25},{"not_picked":["Tempest","Beam Cell","Melter"],"picked":"SKIP","floor":29},{"not_picked":["Buffer","Amplify"],"picked":"Echo Form","floor":33},{"not_picked":["Turbo+1","Gash"],"picked":"Compile Driver","floor":35},{"not_picked":["Sunder","Compile Driver","Skim"],"picked":"SKIP","floor":39},{"not_picked":["Streamline+1","Sweeping Beam"],"picked":"Consume+1","floor":40},{"not_picked":["Rebound","Chaos","White Noise"],"picked":"SKIP","floor":41},{"not_picked":["Consume","Conserve Battery","All For One"],"picked":"SKIP","floor":42},{"not_picked":["Barrage","Beam Cell","Fusion"],"picked":"SKIP","floor":44},{"not_picked":["Steam","Sweeping Beam","Compile Driver+1"],"picked":"SKIP","floor":46},{"not_picked":["Tempest","Sweeping Beam","Go for the Eyes"],"picked":"SKIP","floor":47},{"not_picked":["Turbo+1","Stack+1"],"picked":"Leap+1","floor":48},{"not_picked":["Streamline","Chaos"],"picked":"Multi-Cast","floor":55}],"player_experience":5223960,"relics_obtained":[{"floor":7,"key":"Darkstone Periapt"},{"floor":9,"key":"Potion Belt"},{"floor":14,"key":"Pear"},{"floor":23,"key":"Mercury Hourglass"},{"floor":25,"key":"Vajra"},{"floor":26,"key":"Orichalcum"},{"floor":26,"key":"PreservedInsect"},{"floor":30,"key":"Bottled Lightning"},{"floor":40,"key":"Oddly Smooth Stone"},{"floor":42,"key":"Meat on the Bone"},{"floor":43,"key":"Symbiotic Virus"},{"floor":44,"key":"Dodecahedron"},{"floor":47,"key":"Dream Catcher"},{"floor":55,"key":"Pantograph"}],"event_choices":[{"damage_healed":0,"gold_gain":0,"player_choice":"Success","damage_taken":5,"relics_obtained":["Gremlin Horn"],"max_hp_gain":0,"max_hp_loss":0,"event_name":"Scrap Ooze","floor":2,"gold_loss":0},{"cards_removed":["Strike_B"],"damage_healed":0,"gold_gain":0,"player_choice":"Card Removal","damage_taken":0,"max_hp_gain":0,"max_hp_loss":0,"event_name":"The Cleric","floor":3,"gold_loss":75},{"damage_healed":0,"gold_gain":0,"player_choice":"Donut","damage_taken":0,"max_hp_gain":5,"max_hp_loss":0,"event_name":"Big Fish","floor":4,"gold_loss":0},{"damage_healed":0,"gold_gain":150,"player_choice":"AGREE","damage_taken":0,"max_hp_gain":0,"max_hp_loss":0,"event_name":"Liars Game","floor":11,"gold_loss":0,"cards_obtained":["Doubt"]},{"damage_healed":0,"gold_gain":0,"player_choice":"Obtained Relic","damage_taken":0,"relics_obtained":["Matryoshka"],"max_hp_gain":0,"max_hp_loss":0,"event_name":"Addict","floor":19,"gold_loss":85},{"cards_removed":["Doubt"],"damage_healed":0,"gold_gain":0,"player_choice":"Gave Gold","damage_taken":0,"max_hp_gain":0,"max_hp_loss":0,"event_name":"Beggar","floor":21,"gold_loss":75},{"damage_healed":0,"gold_gain":0,"player_choice":"Became a Ghost","damage_taken":0,"max_hp_gain":0,"max_hp_loss":49,"event_name":"Ghosts","floor":31,"gold_loss":0,"cards_obtained":["Ghostly","Ghostly","Ghostly"]},{"damage_healed":0,"gold_gain":999,"player_choice":"Gold","damage_taken":0,"max_hp_gain":0,"max_hp_loss":0,"event_name":"MindBloom","floor":36,"gold_loss":0,"cards_obtained":["Normality","Normality"]},{"damage_healed":0,"gold_gain":0,"player_choice":"1 cards matched","damage_taken":0,"max_hp_gain":0,"max_hp_loss":0,"event_name":"Match and Keep!","floor":37,"gold_loss":0,"cards_obtained":["Core Surge"]},{"damage_healed":0,"gold_gain":0,"player_choice":"Ignored","damage_taken":0,"max_hp_gain":0,"max_hp_loss":0,"event_name":"Tomb of Lord Red Mask","floor":45,"gold_loss":0}],"is_beta":true,"boss_relics":[{"not_picked":["Pandora\u0027s Box","Black Star"],"picked":"Velvet Choker"},{"not_picked":["FrozenCore","Sozu"],"picked":"Empty Cage"}],"items_purged_floors":[28,38,54],"is_endless":false,"potions_floor_spawned":[1,10,13,23,25,39,44,47,48],"ascension_level":20}