{"gold_per_floor":[368,387,32,32,32,76,76,76,76,107,182,221,221,236,236,236],"floor_reached":16,"playtime":747,"items_purged":["Strike_R"],"score":232,"play_id":"ea716ffd-b093-46c2-9eea-ae7aa8aafc02","local_time":"20190309113050","is_ascension_mode":true,"campfire_choices":[{"floor":7,"key":"REST"},{"data":"Anger","floor":13,"key":"SMITH"},{"data":"Bash","floor":15,"key":"SMITH"}],"neow_cost":"PERCENT_DAMAGE","seed_source_timestamp":245539623292937,"circlet_count":0,"master_deck":["AscendersBane","Strike_R","Strike_R","Strike_R","Strike_R","Defend_R","Defend_R","Defend_R","Bash+1","Rage","Twin Strike","Anger+1","Thunderclap","Shrug It Off"],"relics":["Burning Blood","Toy Ornithopter","Golden Idol","Bronze Scales","Meat on the Bone","Centennial Puzzle","Bag of Preparation"],"potions_floor_usage":[6,10],"damage_taken":[{"damage":9,"enemies":"Jaw Worm","floor":1,"turns":4},{"damage":4,"enemies":"2 Louse","floor":2,"turns":3},{"damage":27,"enemies":"Gremlin Nob","floor":6,"turns":4},{"damage":23,"enemies":"Lagavulin","floor":10,"turns":6},{"damage":27,"enemies":"Gremlin Nob","floor":12,"turns":4},{"damage":0,"enemies":"Small Slimes","floor":14,"turns":2},{"damage":48,"enemies":"Hexaghost","floor":16,"turns":7}],"seed_played":"-3626758777774469207","potions_obtained":[{"floor":1,"key":"GamblersBrew"}],"is_trial":false,"path_per_floor":["M","M","$","?","?","E","R","?","T","E","?","E","R","M","R","B"],"character_chosen":"IRONCLAD","items_purchased":["PowerPotion","Toy Ornithopter"],"campfire_rested":1,"item_purchase_floors":[3,3],"current_hp_per_floor":[47,49,49,49,49,33,53,46,46,46,35,26,26,44,44,0],"gold":236,"neow_bonus":"TWO_FIFTY_GOLD","is_prod":false,"is_daily":false,"chose_seed":false,"campfire_upgraded":2,"win_rate":0,"timestamp":1552159850,"path_taken":["M","M","$","?","?","E","R","?","T","E","?","E","R","M","R","BOSS"],"build_version":"2019-02-06","purchased_purges":1,"victory":false,"max_hp_per_floor":[75,75,75,75,68,68,68,68,68,68,68,68,68,68,68,68],"card_choices":[{"not_picked":["Shockwave","Warcry"],"picked":"Rage","floor":1},{"not_picked":["Havoc","Sword Boomerang"],"picked":"Twin Strike","floor":2},{"not_picked":["Sever Soul","Brutality"],"picked":"Anger","floor":6},{"not_picked":["True Grit","Heavy Blade"],"picked":"Thunderclap","floor":10},{"not_picked":["Body Slam","Sentinel","Dual Wield"],"picked":"SKIP","floor":12},{"not_picked":["Armaments","Searing Blow"],"picked":"Shrug It Off","floor":14}],"player_experience":5098888,"relics_obtained":[{"floor":6,"key":"Bronze Scales"},{"floor":9,"key":"Meat on the Bone"},{"floor":10,"key":"Centennial Puzzle"},{"floor":12,"key":"Bag of Preparation"}],"event_choices":[{"damage_healed":0,"gold_gain":0,"player_choice":"Leave","damage_taken":0,"max_hp_gain":0,"max_hp_loss":0,"event_name":"The Cleric","floor":4,"gold_loss":0},{"damage_healed":0,"gold_gain":0,"player_choice":"Lose Max HP","damage_taken":0,"relics_obtained":["Golden Idol"],"max_hp_gain":0,"max_hp_loss":7,"event_name":"Golden Idol","floor":5,"gold_loss":0},{"cards_removed":["Defend_R"],"damage_healed":0,"gold_gain":0,"player_choice":"Card Removal","damage_taken":7,"max_hp_gain":0,"max_hp_loss":0,"event_name":"Golden Wing","floor":8,"gold_loss":0},{"damage_healed":0,"gold_gain":75,"player_choice":"Gather Gold","damage_taken":11,"max_hp_gain":0,"max_hp_loss":0,"event_name":"World of Goop","floor":11,"gold_loss":0}],"is_beta":true,"boss_relics":[],"items_purged_floors":[3],"is_endless":false,"potions_floor_spawned":[1],"killed_by":"Hexaghost","ascension_level":20}