{"gold_per_floor":[114,61,80,60,17,17,45,45,70,101,101,112,137,155,155,228,228,239,239,22,37,37,37,67,167,220,248,262,262,296,10,10,82,82,92,109,0,0,11,11,36,36,91,91,121,121,134,162,162,162,162],"floor_reached":51,"playtime":5896,"items_purged":["Strike_B","Strike_B"],"score":1564,"play_id":"3038180d-220a-4e50-9f39-edc6be6a1bd6","local_time":"20190314165233","is_ascension_mode":true,"campfire_choices":[{"data":"Zap","floor":6,"key":"SMITH"},{"data":"Melter","floor":8,"key":"SMITH"},{"floor":11,"key":"REST"},{"data":"Cold Snap","floor":15,"key":"SMITH"},{"data":"BootSequence","floor":23,"key":"SMITH"},{"floor":29,"key":"REST"},{"data":"Hologram","floor":32,"key":"SMITH"},{"data":"Capacitor","floor":40,"key":"SMITH"},{"data":"Conserve Battery","floor":42,"key":"SMITH"},{"data":"Electrodynamics","floor":44,"key":"SMITH"},{"floor":46,"key":"RECALL"},{"data":"Capacitor","floor":49,"key":"SMITH"}],"neow_cost":"NONE","seed_source_timestamp":278338162963160,"circlet_count":0,"master_deck":["AscendersBane","Strike_B","Strike_B","Defend_B","Defend_B","Defend_B","Defend_B","Zap+1","Dualcast","Melter+1","Cold Snap+1","Capacitor+1","Undo","Streamline+1","Sunder+1","Gash+1","Coolheaded","Hyperbeam+1","Leap+1","Gash+1","BootSequence+1","Self Repair","Conserve Battery+1","White Noise","Doom and Gloom+1","Go for the Eyes+1","Hologram+1","Electrodynamics+1","Hologram+1","Capacitor+1","Defragment+1","Core Surge+1"],"relics":["Cracked Core","Bronze Scales","Omamori","Dream Catcher","Molten Egg 2","Singing Bowl","Runic Pyramid","Regal Pillow","Mercury Hourglass","Symbiotic Virus","Pocketwatch","Dodecahedron","Pantograph","Bag of Marbles","Velvet Choker","Red Mask","Bottled Tornado","Happy Flower","Toxic Egg 2","Pen Nib"],"potions_floor_usage":[7,10,13,24,27,33,41,50,50],"damage_taken":[{"damage":2,"enemies":"Jaw Worm","floor":1,"turns":3},{"damage":0,"enemies":"Cultist","floor":3,"turns":3},{"damage":14,"enemies":"Lagavulin","floor":7,"turns":5},{"damage":13,"enemies":"3 Sentries","floor":10,"turns":7},{"damage":1,"enemies":"2 Louse","floor":12,"turns":2},{"damage":12,"enemies":"Lagavulin","floor":13,"turns":7},{"damage":10,"enemies":"Exordium Thugs","floor":14,"turns":3},{"damage":3,"enemies":"The Guardian","floor":16,"turns":12},{"damage":0,"enemies":"Spheric Guardian","floor":18,"turns":1},{"damage":10,"enemies":"2 Thieves","floor":21,"turns":2},{"damage":6,"enemies":"Slavers","floor":24,"turns":3},{"damage":3,"enemies":"Colosseum Slavers","floor":25,"turns":3},{"damage":12,"enemies":"Colosseum Nobs","floor":25,"turns":4},{"damage":15,"enemies":"Gremlin Leader","floor":27,"turns":7},{"damage":12,"enemies":"Shelled Parasite and Fungi","floor":28,"turns":4},{"damage":31,"enemies":"Slavers","floor":30,"turns":5},{"damage":56,"enemies":"Collector","floor":33,"turns":12},{"damage":2,"enemies":"3 Darklings","floor":35,"turns":5},{"damage":0,"enemies":"3 Shapes","floor":36,"turns":6},{"damage":4,"enemies":"Writhing Mass","floor":39,"turns":5},{"damage":27,"enemies":"Giant Head","floor":41,"turns":10},{"damage":3,"enemies":"Nemesis","floor":45,"turns":11},{"damage":0,"enemies":"4 Shapes","floor":47,"turns":5},{"damage":0,"enemies":"Reptomancer","floor":48,"turns":5},{"damage":69,"enemies":"Awakened One","floor":50,"turns":19},{"damage":52,"enemies":"Donu and Deca","floor":51,"turns":5}],"seed_played":"192606731270694397","potions_obtained":[{"floor":4,"key":"Poison Potion"},{"floor":7,"key":"SteroidPotion"},{"floor":10,"key":"Poison Potion"},{"floor":13,"key":"Explosive Potion"},{"floor":21,"key":"Energy Potion"},{"floor":30,"key":"PowerPotion"},{"floor":35,"key":"GamblersBrew"},{"floor":47,"key":"GamblersBrew"}],"is_trial":false,"path_per_floor":["M","$","M","?","$","R","E","R","T","E","R","M","E","M","R","B",null,"M","?","$","M","T","R","E","?","T","E","M","R","E","$","R","B",null,"M","M","?","?","M","R","E","R","T","R","E","R","M","E","R","B","B"],"character_chosen":"DEFECT","items_purchased":["Fire Potion","Capacitor","Gash+1","BootSequence","FocusPotion","Go for the Eyes+1","Hologram"],"campfire_rested":2,"item_purchase_floors":[2,5,20,20,31,31,31],"current_hp_per_floor":[62,62,62,62,62,62,48,48,48,35,56,55,43,33,33,30,61,61,61,61,53,53,53,47,48,48,40,30,68,44,44,44,20,63,70,79,79,79,81,81,61,61,61,61,67,67,74,83,83,23,0],"gold":162,"neow_bonus":"RANDOM_COMMON_RELIC","is_prod":false,"is_daily":false,"chose_seed":false,"campfire_upgraded":9,"win_rate":0,"timestamp":1552607553,"path_taken":["M","$","M","?","?","R","E","R","T","E","R","M","E","M","R","BOSS","M","?","$","M","?","R","E","?","T","E","M","R","E","?","R","BOSS","M","?","?","?","?","R","E","R","T","R","E","R","M","E","R","BOSS","BOSS"],"build_version":"2019-02-06","purchased_purges":2,"victory":false,"max_hp_per_floor":[71,71,71,71,71,71,71,71,71,71,71,71,71,71,71,71,71,71,71,71,73,73,73,73,75,75,75,77,77,77,77,77,77,77,79,81,81,81,81,81,81,81,81,81,83,83,83,85,85,85,85],"card_choices":[{"not_picked":["Redo","Barrage"],"picked":"Melter","floor":1},{"not_picked":["Sunder","Redo"],"picked":"Cold Snap","floor":3},{"not_picked":["Steam Power","Beam Cell"],"picked":"Undo","floor":7},{"not_picked":["Auto Shields","Hello World"],"picked":"Streamline+1","floor":11},{"not_picked":["Barrage+1","Turbo"],"picked":"Sunder+1","floor":12},{"not_picked":["Stack","Reboot"],"picked":"Gash+1","floor":13},{"not_picked":["Auto Shields","Cold Snap+1"],"picked":"Coolheaded","floor":14},{"not_picked":["Amplify","Multi-Cast"],"picked":"Hyperbeam+1","floor":16},{"not_picked":["Beam Cell+1","Steam Power"],"picked":"Leap+1","floor":18},{"not_picked":["Meteor Strike+1","Rebound+1"],"picked":"Self Repair","floor":24},{"not_picked":["Stack","Scrape+1"],"picked":"Conserve Battery","floor":27},{"not_picked":["Coolheaded","Rainbow"],"picked":"White Noise","floor":29},{"not_picked":["Streamline+1","BootSequence"],"picked":"Doom and Gloom+1","floor":30},{"not_picked":["Amplify","Hyperbeam+1"],"picked":"Electrodynamics","floor":33},{"not_picked":["Conserve Battery","Compile Driver+1"],"picked":"Capacitor","floor":39},{"not_picked":["Melter+1","Cold Snap+1"],"picked":"Defragment+1","floor":41},{"not_picked":["Barrage+1","Rebound+1"],"picked":"Core Surge+1","floor":47}],"player_experience":5173977,"relics_obtained":[{"floor":7,"key":"Omamori"},{"floor":9,"key":"Dream Catcher"},{"floor":10,"key":"Molten Egg 2"},{"floor":13,"key":"Singing Bowl"},{"floor":22,"key":"Mercury Hourglass"},{"floor":24,"key":"Symbiotic Virus"},{"floor":25,"key":"Pocketwatch"},{"floor":25,"key":"Dodecahedron"},{"floor":27,"key":"Pantograph"},{"floor":30,"key":"Bag of Marbles"},{"floor":41,"key":"Bottled Tornado"},{"floor":43,"key":"Happy Flower"},{"floor":45,"key":"Toxic Egg 2"},{"floor":48,"key":"Pen Nib"}],"event_choices":[{"damage_healed":0,"gold_gain":0,"player_choice":"Bought 1 Potion","damage_taken":0,"max_hp_gain":0,"max_hp_loss":0,"event_name":"The Woman in Blue","floor":4,"gold_loss":0},{"damage_healed":0,"gold_gain":0,"player_choice":"Stole Relic","damage_taken":0,"relics_obtained":["Regal Pillow"],"max_hp_gain":0,"max_hp_loss":0,"event_name":"Addict","floor":19,"gold_loss":0,"cards_obtained":["Shame"]},{"damage_healed":0,"gold_gain":0,"player_choice":"Fight","damage_taken":0,"max_hp_gain":0,"max_hp_loss":0,"event_name":"Colosseum","floor":25,"gold_loss":0},{"damage_healed":0,"gold_gain":0,"player_choice":"Fought Nobs","damage_taken":0,"max_hp_gain":0,"max_hp_loss":0,"event_name":"Colosseum","floor":25,"gold_loss":0},{"damage_healed":0,"gold_gain":0,"player_choice":"Paid","damage_taken":0,"relics_obtained":["Red Mask"],"max_hp_gain":0,"max_hp_loss":0,"event_name":"Tomb of Lord Red Mask","floor":37,"gold_loss":109},{"damage_healed":0,"gold_gain":0,"player_choice":"Copied","damage_taken":0,"max_hp_gain":0,"max_hp_loss":0,"event_name":"Duplicator","floor":38,"gold_loss":0,"cards_obtained":["Hologram"]}],"is_beta":true,"boss_relics":[{"not_picked":["White Beast Statue","Fusion Hammer"],"picked":"Runic Pyramid"},{"not_picked":["Lizard Tail","Runic Dome"],"picked":"Velvet Choker"}],"items_purged_floors":[20,31],"is_endless":false,"potions_floor_spawned":[7,10,12,13,14,21,25,30,35,36,47],"killed_by":"Donu and Deca","ascension_level":20}