{"gold_per_floor":[124,154,177,26,36,36,71,88,141,157,28,28,46,80,80,151,151,165,165,125,141,158,206,206,26,26,26,57,57,57,76,76,151,151,168,186,286,631,649,674,689,689,689,704,737,389,404,404,404,404,404,404,404,41,74,74],"floor_reached":56,"playtime":4527,"items_purged":["Strike_G","Strike_G"],"score":2053,"play_id":"a23b0f17-9f5e-445f-9be5-9334122bbe5c","local_time":"20190313160650","is_ascension_mode":true,"campfire_choices":[{"data":"Neutralize","floor":6,"key":"SMITH"},{"floor":12,"key":"REST"},{"data":"Footwork","floor":15,"key":"SMITH"},{"data":"Leg Sweep","floor":24,"key":"SMITH"},{"data":"Catalyst","floor":27,"key":"SMITH"},{"data":"Bite","floor":32,"key":"SMITH"},{"data":"Ghostly","floor":42,"key":"SMITH"},{"floor":49,"key":"RECALL"},{"data":"Catalyst","floor":53,"key":"SMITH"}],"neow_cost":"NONE","seed_source_timestamp":190559761795400,"circlet_count":0,"master_deck":["AscendersBane","Defend_G","Defend_G","Defend_G","Defend_G","Defend_G","Survivor","Neutralize+1","Deadly Poison","Endless Agony","Footwork+1","Poisoned Stab","Caltrops","Backstab","Cloak And Dagger","Leg Sweep+1","Venomology","Dodge and Roll","Catalyst+1","Bite+1","Bite","Bite","Bite","Bite","Ghostly+1","Ghostly+1","Ghostly","Bouncing Flask","Corpse Explosion","Backflip","Dash","Predator","Night Terror","Backflip","Bouncing Flask","Catalyst+1","PiercingWail+1","Noxious Fumes"],"relics":["Ring of the Snake","MawBank","Bag of Preparation","Potion Belt","Bronze Scales","Mercury Hourglass","Coffee Dripper","Enchiridion","Omamori","Vajra","Happy Flower","Snecko Eye","StoneCalendar","Old Coin","PreservedInsect","Oddly Smooth Stone","Pear","War Paint","Centennial Puzzle"],"potions_floor_usage":[16,16,21,22,22,28,28,31,33,33,33,33,38,39,39,40,40,40,51,56,56,56,56],"damage_taken":[{"damage":11,"enemies":"Cultist","floor":1,"turns":6},{"damage":1,"enemies":"2 Louse","floor":2,"turns":3},{"damage":4,"enemies":"Jaw Worm","floor":3,"turns":4},{"damage":1,"enemies":"Looter","floor":5,"turns":4},{"damage":25,"enemies":"Lagavulin","floor":7,"turns":8},{"damage":7,"enemies":"3 Louse","floor":8,"turns":6},{"damage":2,"enemies":"Blue Slaver","floor":10,"turns":4},{"damage":0,"enemies":"Exordium Wildlife","floor":13,"turns":2},{"damage":12,"enemies":"3 Sentries","floor":14,"turns":10},{"damage":0,"enemies":"Hexaghost","floor":16,"turns":6},{"damage":0,"enemies":"Chosen","floor":18,"turns":5},{"damage":0,"enemies":"Spheric Guardian","floor":21,"turns":5},{"damage":0,"enemies":"Centurion and Healer","floor":22,"turns":6},{"damage":19,"enemies":"Gremlin Leader","floor":28,"turns":6},{"damage":21,"enemies":"Chosen and Byrds","floor":31,"turns":6},{"damage":12,"enemies":"Collector","floor":33,"turns":8},{"damage":0,"enemies":"3 Darklings","floor":35,"turns":2},{"damage":1,"enemies":"Orb Walker","floor":36,"turns":3},{"damage":3,"enemies":"Mind Bloom Boss Battle","floor":37,"turns":6},{"damage":9,"enemies":"2 Orb Walkers","floor":38,"turns":4},{"damage":17,"enemies":"3 Darklings","floor":39,"turns":7},{"damage":21,"enemies":"Giant Head","floor":40,"turns":7},{"damage":0,"enemies":"Jaw Worm Horde","floor":41,"turns":2},{"damage":2,"enemies":"Spire Growth","floor":44,"turns":7},{"damage":7,"enemies":"Nemesis","floor":45,"turns":7},{"damage":0,"enemies":"Sphere and 2 Shapes","floor":47,"turns":5},{"damage":2,"enemies":"Donu and Deca","floor":50,"turns":7},{"damage":36,"enemies":"Time Eater","floor":51,"turns":14},{"damage":3,"enemies":"Shield and Spear","floor":55,"turns":7},{"damage":37,"enemies":"The Heart","floor":56,"turns":8}],"seed_played":"-2910774771685924465","potions_obtained":[{"floor":5,"key":"Explosive Potion"},{"floor":8,"key":"Dexterity Potion"},{"floor":10,"key":"Poison Potion"},{"floor":18,"key":"Strength Potion"},{"floor":20,"key":"Regen Potion"},{"floor":31,"key":"Poison Potion"},{"floor":35,"key":"PowerPotion"},{"floor":37,"key":"Energy Potion"},{"floor":44,"key":"Dexterity Potion"}],"is_trial":false,"path_per_floor":["M","M","M","$","M","R","E","M","T","M","$","R","M","E","R","B",null,"M","?","?","M","M","T","R","$","T","R","E","?","?","M","R","B",null,"M","M","?","?","M","E","M","R","T","M","E","$","M","?","R","B","B",null,"R","$","E","B"],"character_chosen":"THE_SILENT","items_purchased":["Bag of Preparation","Poison Potion","Catalyst","Pear","Catalyst","PiercingWail","War Paint","Noxious Fumes","PowerPotion"],"campfire_rested":1,"item_purchase_floors":[4,11,25,46,46,54,54,54,54],"current_hp_per_floor":[48,47,43,43,42,42,17,10,10,8,8,27,27,15,15,15,53,53,32,32,47,47,47,47,47,47,47,28,28,23,4,4,22,23,23,23,23,16,17,9,14,14,14,22,23,33,33,33,33,33,6,26,26,26,29,0],"gold":74,"neow_bonus":"RANDOM_COMMON_RELIC","is_prod":false,"is_daily":false,"chose_seed":false,"campfire_upgraded":7,"win_rate":0,"timestamp":1552518410,"path_taken":["M","?","M","?","M","R","E","M","T","M","$","R","M","E","R","BOSS","M","?","?","M","?","?","R","$","T","R","E","?","?","M","R","BOSS","M","M","?","?","M","E","M","R","T","M","E","?","M","?","R","BOSS","BOSS","R","$","E","BOSS"],"build_version":"2019-02-06","purchased_purges":2,"victory":false,"max_hp_per_floor":[66,66,66,66,66,66,66,66,66,66,66,66,66,66,66,66,66,66,66,66,66,66,66,66,66,66,66,66,46,23,23,23,23,23,23,23,23,23,23,23,23,23,23,23,23,33,33,33,33,33,33,33,33,33,33,33],"card_choices":[{"not_picked":["Blade Dance","Dodge and Roll"],"picked":"Deadly Poison","floor":1},{"not_picked":["Outmaneuver","Blade Dance"],"picked":"Endless Agony","floor":2},{"not_picked":["Dodge and Roll","Deadly Poison"],"picked":"Footwork","floor":3},{"not_picked":["Choke","Setup"],"picked":"Poisoned Stab","floor":5},{"not_picked":["Blade Dance","Acrobatics"],"picked":"Caltrops","floor":7},{"not_picked":["Calculated Gamble","Finisher"],"picked":"Backstab","floor":8},{"not_picked":["Skewer","Unload"],"picked":"Cloak And Dagger","floor":10},{"not_picked":["Flechettes","Dagger Spray"],"picked":"Leg Sweep","floor":13},{"not_picked":["Terror","Dagger Spray","Bouncing Flask"],"picked":"SKIP","floor":14},{"not_picked":["Doppelganger","Grand Finale"],"picked":"Venomology","floor":16},{"not_picked":["Finisher","Outmaneuver","Flying Knee"],"picked":"SKIP","floor":18},{"not_picked":["Bouncing Flask","Tactician","Skewer"],"picked":"SKIP","floor":21},{"not_picked":["Skewer+1","Accuracy"],"picked":"Dodge and Roll","floor":22},{"not_picked":["Quick Slash","Dagger Throw+1","Eviscerate"],"picked":"SKIP","floor":28},{"not_picked":["Dagger Throw","Bane"],"picked":"Bouncing Flask","floor":31},{"not_picked":["Die Die Die","Glass Knife"],"picked":"Corpse Explosion","floor":33},{"not_picked":["Accuracy","Cloak And Dagger","Slice"],"picked":"SKIP","floor":35},{"not_picked":["Outmaneuver","Dagger Throw"],"picked":"Backflip","floor":36},{"not_picked":["Slice","Backstab+1"],"picked":"Dash","floor":38},{"not_picked":["Infinite Blades+1","Underhanded Strike"],"picked":"Predator","floor":39},{"not_picked":["Deflect","Slice"],"picked":"Night Terror","floor":40},{"not_picked":["Acrobatics+1","Deadly Poison"],"picked":"Backflip","floor":41},{"not_picked":["Flechettes+1","Sucker Punch","Masterful Stab"],"picked":"SKIP","floor":44},{"not_picked":["Flechettes+1","Sucker Punch","Masterful Stab"],"picked":"SKIP","floor":44},{"not_picked":["Predator","Escape Plan"],"picked":"Bouncing Flask","floor":45},{"not_picked":["Prepared","Cloak And Dagger","Eviscerate"],"picked":"SKIP","floor":47},{"not_picked":["Underhanded Strike","Heel Hook","Infinite Blades"],"picked":"SKIP","floor":55}],"player_experience":5158678,"relics_obtained":[{"floor":7,"key":"Potion Belt"},{"floor":9,"key":"Bronze Scales"},{"floor":14,"key":"Mercury Hourglass"},{"floor":19,"key":"Enchiridion"},{"floor":23,"key":"Omamori"},{"floor":26,"key":"Vajra"},{"floor":28,"key":"Happy Flower"},{"floor":37,"key":"StoneCalendar"},{"floor":38,"key":"Old Coin"},{"floor":40,"key":"PreservedInsect"},{"floor":45,"key":"Oddly Smooth Stone"},{"floor":55,"key":"Centennial Puzzle"}],"event_choices":[{"damage_healed":0,"gold_gain":0,"player_choice":"Obtained Book","damage_taken":21,"max_hp_gain":0,"max_hp_loss":0,"event_name":"Cursed Tome","floor":19,"gold_loss":0},{"damage_healed":0,"gold_gain":0,"player_choice":"Bought 3 Potions","damage_taken":0,"max_hp_gain":0,"max_hp_loss":0,"event_name":"The Woman in Blue","floor":20,"gold_loss":0},{"damage_healed":0,"gold_gain":0,"player_choice":"Became a vampire","damage_taken":0,"max_hp_gain":0,"max_hp_loss":20,"event_name":"Vampires","floor":29,"gold_loss":0,"cards_obtained":["Bite","Bite","Bite","Bite","Bite"]},{"damage_healed":0,"gold_gain":0,"player_choice":"Became a Ghost","damage_taken":0,"max_hp_gain":0,"max_hp_loss":23,"event_name":"Ghosts","floor":30,"gold_loss":0,"cards_obtained":["Ghostly","Ghostly","Ghostly"]},{"damage_healed":0,"gold_gain":0,"player_choice":"Fight","damage_taken":0,"max_hp_gain":0,"max_hp_loss":0,"event_name":"MindBloom","floor":37,"gold_loss":0},{"damage_healed":0,"gold_gain":0,"player_choice":"Fight","damage_taken":0,"max_hp_gain":0,"max_hp_loss":0,"event_name":"Mysterious Sphere","floor":38,"gold_loss":0},{"damage_healed":0,"gold_gain":0,"player_choice":"Ignored","damage_taken":0,"max_hp_gain":0,"max_hp_loss":0,"event_name":"Tomb of Lord Red Mask","floor":48,"gold_loss":0}],"is_beta":true,"boss_relics":[{"not_picked":["Sozu","Lizard Tail"],"picked":"Coffee Dripper"},{"not_picked":["Pandora\u0027s Box","Busted Crown"],"picked":"Snecko Eye"}],"items_purged_floors":[11,25],"is_endless":false,"potions_floor_spawned":[5,8,10,13,18,31,35,37,38,44,45,47],"killed_by":"The Heart","ascension_level":20}