{"gold_per_floor":[114,11,11,23,37,37,57,57,57,88,108,122,122,147,147,221,221,237,254,274,274,288,288,4,4,27,52,66,99,115,40,40,114,114,134,145,45,45,55,84,99,132,132,46,71,71,71,84,84,84,84,84,84,31,64,64],"floor_reached":56,"playtime":4148,"items_purged":["Strike_G","Strike_G"],"score":2403,"play_id":"370892d4-70c8-4cfb-bf8e-873fdad4699a","local_time":"20190309124036","is_ascension_mode":true,"campfire_choices":[{"data":"Poisoned Stab","floor":6,"key":"SMITH"},{"data":"Caltrops","floor":8,"key":"SMITH"},{"data":"Leg Sweep","floor":13,"key":"SMITH"},{"data":"Neutralize","floor":15,"key":"SMITH"},{"data":"Catalyst","floor":23,"key":"SMITH"},{"floor":25,"key":"REST"},{"data":"Noxious Fumes","floor":32,"key":"SMITH"},{"floor":46,"key":"RECALL"},{"floor":49,"key":"REST"},{"floor":53,"key":"REST"}],"neow_cost":"NONE","seed_source_timestamp":246326555392528,"circlet_count":0,"master_deck":["AscendersBane","Defend_G","Defend_G","Defend_G","Defend_G","Defend_G","Strike_G","Survivor","Neutralize+1","Caltrops+1","Backflip","Deadly Poison+1","Poisoned Stab+1","Leg Sweep+1","Backflip","Catalyst+1","Slice+1","Masterful Stab+1","Blur","Noxious Fumes+1","Deflect+1","Well Laid Plans","Corpse Explosion","Escape Plan","Backflip","Escape Plan","After Image","PiercingWail","Calculated Gamble","Escape Plan","Footwork"],"relics":["Ring of the Snake","Bottled Tornado","Ninja Scroll","Anchor","Black Star","Happy Flower","PreservedInsect","Snake Skull","Darkstone Periapt","Mercury Hourglass","Bottled Flame","Runic Dome","Shuriken","Strawberry","Ancient Tea Set","Art of War","Juzu Bracelet","Mummified Hand","The Specimen","Mango"],"potions_floor_usage":[16,18,20,20,27,33,40,42,55,56,56],"damage_taken":[{"damage":0,"enemies":"Cultist","floor":1,"turns":5},{"damage":0,"enemies":"2 Louse","floor":4,"turns":4},{"damage":0,"enemies":"Small Slimes","floor":5,"turns":4},{"damage":8,"enemies":"Red Slaver","floor":7,"turns":5},{"damage":2,"enemies":"Lagavulin","floor":10,"turns":5},{"damage":0,"enemies":"3 Louse","floor":11,"turns":3},{"damage":3,"enemies":"Large Slime","floor":12,"turns":7},{"damage":16,"enemies":"3 Sentries","floor":14,"turns":8},{"damage":0,"enemies":"Hexaghost","floor":16,"turns":9},{"damage":9,"enemies":"2 Thieves","floor":18,"turns":4},{"damage":4,"enemies":"Chosen","floor":19,"turns":4},{"damage":36,"enemies":"Sentry and Sphere","floor":20,"turns":9},{"damage":9,"enemies":"Snake Plant","floor":22,"turns":5},{"damage":0,"enemies":"Slavers","floor":27,"turns":5},{"damage":0,"enemies":"Shelled Parasite and Fungi","floor":28,"turns":3},{"damage":0,"enemies":"Gremlin Leader","floor":29,"turns":4},{"damage":0,"enemies":"3 Cultists","floor":30,"turns":4},{"damage":6,"enemies":"Champ","floor":33,"turns":8},{"damage":6,"enemies":"Orb Walker","floor":35,"turns":3},{"damage":0,"enemies":"3 Shapes","floor":36,"turns":4},{"damage":5,"enemies":"Sphere and 2 Shapes","floor":39,"turns":5},{"damage":8,"enemies":"Giant Head","floor":40,"turns":6},{"damage":13,"enemies":"Spire Growth","floor":41,"turns":5},{"damage":0,"enemies":"Nemesis","floor":42,"turns":5},{"damage":0,"enemies":"Reptomancer","floor":45,"turns":5},{"damage":0,"enemies":"Jaw Worm Horde","floor":48,"turns":1},{"damage":0,"enemies":"Time Eater","floor":50,"turns":7},{"damage":48,"enemies":"Awakened One","floor":51,"turns":15},{"damage":65,"enemies":"Shield and Spear","floor":55,"turns":5},{"damage":22,"enemies":"The Heart","floor":56,"turns":2}],"seed_played":"-3893940388596717793","potions_obtained":[{"floor":1,"key":"PowerPotion"},{"floor":7,"key":"PowerPotion"},{"floor":16,"key":"Swift Potion"},{"floor":19,"key":"Swift Potion"},{"floor":27,"key":"SpeedPotion"},{"floor":33,"key":"SteroidPotion"},{"floor":40,"key":"SkillPotion"},{"floor":41,"key":"GhostInAJar"},{"floor":55,"key":"SkillPotion"}],"is_trial":false,"path_per_floor":["M","$","?","M","M","R","M","R","T","E","M","M","R","E","R","B",null,"M","M","M","?","M","R","$","R","T","E","M","E","M","?","R","B",null,"M","M","$","?","M","E","M","E","T","$","E","R","?","M","R","B","B",null,"R","$","E","B"],"character_chosen":"THE_SILENT","items_purchased":["Deadly Poison","Happy Flower","Fire Potion","Dexterity Potion","Escape Plan","PowerPotion"],"campfire_rested":3,"item_purchase_floors":[2,24,24,24,44,54],"current_hp_per_floor":[59,59,59,59,59,59,51,51,51,49,49,46,46,30,30,30,57,48,44,8,21,12,12,12,31,31,31,31,31,31,31,31,25,56,50,50,50,50,45,44,31,31,31,31,31,31,31,31,52,52,4,56,73,73,22,0],"gold":64,"neow_bonus":"THREE_CARDS","is_prod":false,"is_daily":false,"chose_seed":false,"campfire_upgraded":6,"win_rate":0,"timestamp":1552164036,"path_taken":["M","$","?","M","M","R","M","R","T","E","M","M","R","E","R","BOSS","M","?","M","?","M","R","$","R","T","E","M","E","M","?","R","BOSS","M","M","$","?","M","E","?","E","T","?","E","R","?","M","R","BOSS","BOSS","R","$","E","BOSS"],"build_version":"2019-02-06","purchased_purges":2,"victory":false,"max_hp_per_floor":[66,66,66,66,66,66,66,66,66,66,66,66,66,66,66,66,66,66,66,66,66,66,66,66,66,66,66,66,66,66,66,66,66,66,66,66,66,66,66,73,73,73,73,73,73,73,73,73,73,73,73,73,73,73,87,87],"card_choices":[{"not_picked":["Prepared","Sucker Punch"],"picked":"Caltrops","floor":0},{"not_picked":["Catalyst","Acrobatics"],"picked":"Backflip","floor":1},{"not_picked":["Bane","Flechettes"],"picked":"Poisoned Stab","floor":4},{"not_picked":["Deflect","Blade Dance","Acrobatics"],"picked":"SKIP","floor":5},{"not_picked":["Backflip","PiercingWail"],"picked":"Leg Sweep","floor":7},{"not_picked":["Accuracy","Grand Finale"],"picked":"Backflip","floor":10},{"not_picked":["Bouncing Flask","Concentrate","Deflect"],"picked":"SKIP","floor":11},{"not_picked":["Caltrops","Outmaneuver","Underhanded Strike"],"picked":"SKIP","floor":12},{"not_picked":["Distraction","Cloak And Dagger","Blade Dance"],"picked":"SKIP","floor":14},{"not_picked":["Deadly Poison","Heel Hook"],"picked":"Catalyst","floor":18},{"not_picked":["Sucker Punch","Bouncing Flask"],"picked":"Slice+1","floor":19},{"not_picked":["Infinite Blades","Accuracy"],"picked":"Masterful Stab+1","floor":20},{"not_picked":["Outmaneuver","Slice"],"picked":"Blur","floor":22},{"not_picked":["Outmaneuver","Eviscerate"],"picked":"Noxious Fumes","floor":27},{"not_picked":["Endless Agony","Reflex"],"picked":"Deflect+1","floor":28},{"not_picked":["Underhanded Strike","Deflect"],"picked":"Well Laid Plans","floor":29},{"not_picked":["Outmaneuver","Masterful Stab","Backstab"],"picked":"SKIP","floor":30},{"not_picked":["Unload","Glass Knife"],"picked":"Corpse Explosion","floor":33},{"not_picked":["Cloak And Dagger","Flying Knee"],"picked":"Escape Plan","floor":35},{"not_picked":["Underhanded Strike","Flechettes+1"],"picked":"Backflip","floor":36},{"not_picked":["Dagger Throw","Terror+1"],"picked":"Escape Plan","floor":39},{"not_picked":["All Out Attack","Deadly Poison"],"picked":"After Image","floor":40},{"not_picked":["Prepared","Poisoned Stab"],"picked":"PiercingWail","floor":41},{"not_picked":["Acrobatics","Infinite Blades"],"picked":"Calculated Gamble","floor":42},{"not_picked":["Underhanded Strike+1","Dagger Throw","Choke"],"picked":"SKIP","floor":45},{"not_picked":["Blade Dance","Endless Agony"],"picked":"Footwork","floor":48},{"not_picked":["Grand Finale","Acrobatics","Bullet Time"],"picked":"SKIP","floor":55}],"player_experience":5099635,"relics_obtained":[{"floor":9,"key":"Bottled Tornado"},{"floor":10,"key":"Ninja Scroll"},{"floor":14,"key":"Anchor"},{"floor":26,"key":"PreservedInsect"},{"floor":27,"key":"Snake Skull"},{"floor":27,"key":"Darkstone Periapt"},{"floor":29,"key":"Mercury Hourglass"},{"floor":29,"key":"Bottled Flame"},{"floor":40,"key":"Shuriken"},{"floor":40,"key":"Strawberry"},{"floor":42,"key":"Ancient Tea Set"},{"floor":42,"key":"Art of War"},{"floor":45,"key":"Juzu Bracelet"},{"floor":45,"key":"Mummified Hand"},{"floor":55,"key":"The Specimen"},{"floor":55,"key":"Mango"}],"event_choices":[{"damage_healed":0,"gold_gain":0,"player_choice":"Upgraded","damage_taken":0,"max_hp_gain":0,"max_hp_loss":0,"event_name":"Upgrade Shrine","floor":3,"gold_loss":0,"cards_upgraded":["Deadly Poison"]},{"damage_healed":13,"gold_gain":0,"player_choice":"Heal","damage_taken":0,"max_hp_gain":0,"max_hp_loss":0,"event_name":"The Library","floor":21,"gold_loss":0},{"cards_removed":["Strike_G"],"damage_healed":0,"gold_gain":0,"player_choice":"Gave Gold","damage_taken":0,"max_hp_gain":0,"max_hp_loss":0,"event_name":"Beggar","floor":31,"gold_loss":75},{"damage_healed":0,"gold_gain":0,"cards_transformed":["Strike_G"],"player_choice":"Transformed","damage_taken":0,"max_hp_gain":0,"max_hp_loss":0,"event_name":"Transmorgrifier","floor":38,"gold_loss":0,"cards_obtained":["Doppelganger"]},{"cards_removed":["Doppelganger"],"damage_healed":0,"gold_gain":0,"player_choice":"Removed Skill","damage_taken":0,"max_hp_gain":0,"max_hp_loss":0,"event_name":"Falling","floor":47,"gold_loss":0}],"is_beta":true,"boss_relics":[{"not_picked":["Empty Cage","White Beast Statue"],"picked":"Black Star"},{"not_picked":["Eternal Feather","Calling Bell"],"picked":"Runic Dome"}],"items_purged_floors":[2,37],"is_endless":false,"potions_floor_spawned":[1,7,10,11,16,19,27,30,33,35,39,40,41,55],"killed_by":"The Heart","ascension_level":20}