{"gold_per_floor":[113,38,56,56,72,72,115,131,184,184,184,35,55,96,96,187,187,201,201,326,8,23,23,23],"floor_reached":24,"playtime":1243,"items_purged":["Strike_G","Strike_G"],"score":412,"play_id":"f7bbd403-6c79-4c9f-b7ad-466b117ec99f","local_time":"20190307154038","is_ascension_mode":true,"campfire_choices":[{"data":"Bouncing Flask","floor":6,"key":"SMITH"},{"data":"Noxious Fumes","floor":10,"key":"SMITH"},{"data":"Wraith Form v2","floor":15,"key":"SMITH"},{"floor":23,"key":"REST"}],"neow_cost":"NONE","seed_source_timestamp":87232171992392,"circlet_count":0,"master_deck":["AscendersBane","Defend_G","Defend_G","Defend_G","Defend_G","Defend_G","Strike_G","Strike_G","Survivor","Neutralize","Dagger Throw","Bouncing Flask+1","Quick Slash","Noxious Fumes+1","Footwork","Wraith Form v2+1","Dagger Spray","Noxious Fumes","PiercingWail"],"relics":["Ring of the Snake","Anchor","Golden Idol","Bag of Preparation","Tiny Chest","Orichalcum","PreservedInsect","Black Star","Ornamental Fan","Shovel","Oddly Smooth Stone"],"potions_floor_usage":[7,19,22,22],"damage_taken":[{"damage":0,"enemies":"2 Louse","floor":1,"turns":3},{"damage":0,"enemies":"Jaw Worm","floor":3,"turns":4},{"damage":1,"enemies":"Small Slimes","floor":5,"turns":3},{"damage":19,"enemies":"Gremlin Nob","floor":7,"turns":4},{"damage":0,"enemies":"Blue Slaver","floor":8,"turns":3},{"damage":0,"enemies":"Gremlin Gang","floor":13,"turns":4},{"damage":14,"enemies":"Lagavulin","floor":14,"turns":7},{"damage":19,"enemies":"Hexaghost","floor":16,"turns":8},{"damage":4,"enemies":"Spheric Guardian","floor":18,"turns":3},{"damage":5,"enemies":"3 Byrds","floor":19,"turns":4},{"damage":15,"enemies":"Colosseum Slavers","floor":20,"turns":6},{"damage":10,"enemies":"Colosseum Nobs","floor":20,"turns":6},{"damage":5,"enemies":"Cultist and Chosen","floor":22,"turns":7},{"damage":37,"enemies":"Gremlin Leader","floor":24,"turns":4}],"seed_played":"-7899129047689532441","potions_obtained":[{"floor":5,"key":"Block Potion"},{"floor":7,"key":"Dexterity Potion"},{"floor":8,"key":"SmokeBomb"},{"floor":20,"key":"SteroidPotion"}],"is_trial":false,"path_per_floor":["M","?","M","?","M","R","E","M","T","R","?","$","M","E","R","B",null,"M","M","?","$","M","R","E"],"character_chosen":"THE_SILENT","items_purchased":["Footwork","Oddly Smooth Stone","Poison Potion"],"campfire_rested":1,"item_purchase_floors":[12,21,21],"current_hp_per_floor":[59,59,59,59,58,58,39,39,39,39,39,39,39,25,25,6,47,43,38,13,13,8,26,0],"gold":23,"neow_bonus":"RANDOM_COMMON_RELIC","is_prod":false,"is_daily":false,"chose_seed":false,"campfire_upgraded":3,"win_rate":0,"timestamp":1552002038,"path_taken":["M","?","M","?","M","R","E","M","T","R","?","?","M","E","R","BOSS","M","?","?","$","M","R","E"],"build_version":"2019-02-06","purchased_purges":2,"victory":false,"max_hp_per_floor":[66,66,66,60,60,60,60,60,60,60,60,60,60,60,60,60,60,60,60,60,60,60,60,60],"card_choices":[{"not_picked":["Flying Knee","Quick Slash"],"picked":"Dagger Throw","floor":1},{"not_picked":["Quick Slash","Acrobatics"],"picked":"Bouncing Flask","floor":3},{"not_picked":["Slice","Acrobatics"],"picked":"Quick Slash","floor":5},{"not_picked":["Phantasmal Killer","Endless Agony","Slice"],"picked":"SKIP","floor":7},{"not_picked":["Outmaneuver","Backflip"],"picked":"Noxious Fumes","floor":8},{"not_picked":["Cloak And Dagger","PiercingWail"],"picked":"Wraith Form v2","floor":13},{"not_picked":["Accuracy","Endless Agony","Prepared"],"picked":"SKIP","floor":14},{"not_picked":["Sucker Punch","Setup"],"picked":"Dagger Spray","floor":18},{"not_picked":["Blade Dance","Tactician"],"picked":"Noxious Fumes","floor":20},{"not_picked":["Backflip","Dagger Throw"],"picked":"PiercingWail","floor":22}],"player_experience":5081967,"relics_obtained":[{"floor":7,"key":"Bag of Preparation"},{"floor":9,"key":"Tiny Chest"},{"floor":14,"key":"PreservedInsect"},{"floor":20,"key":"Ornamental Fan"},{"floor":20,"key":"Shovel"}],"event_choices":[{"cards_removed":["Strike_G"],"damage_healed":0,"gold_gain":0,"player_choice":"Card Removal","damage_taken":0,"max_hp_gain":0,"max_hp_loss":0,"event_name":"The Cleric","floor":2,"gold_loss":75},{"damage_healed":0,"gold_gain":0,"player_choice":"Lose Max HP","damage_taken":0,"relics_obtained":["Golden Idol"],"max_hp_gain":0,"max_hp_loss":6,"event_name":"Golden Idol","floor":4,"gold_loss":0},{"damage_healed":0,"gold_gain":0,"player_choice":"Searched \u00271\u0027 times","damage_taken":0,"relics_obtained":["Orichalcum"],"max_hp_gain":0,"max_hp_loss":0,"event_name":"Dead Adventurer","floor":11,"gold_loss":0},{"damage_healed":0,"gold_gain":0,"player_choice":"Fight","damage_taken":0,"max_hp_gain":0,"max_hp_loss":0,"event_name":"Colosseum","floor":20,"gold_loss":0},{"damage_healed":0,"gold_gain":0,"player_choice":"Fought Nobs","damage_taken":0,"max_hp_gain":0,"max_hp_loss":0,"event_name":"Colosseum","floor":20,"gold_loss":0}],"is_beta":true,"boss_relics":[{"not_picked":["Calling Bell","Runic Dome"],"picked":"Black Star"}],"items_purged_floors":[12,21],"is_endless":false,"potions_floor_spawned":[5,7,8,20,20],"killed_by":"Gremlin Leader","ascension_level":20}