{"gold_per_floor":[118,118,129,144,156,156,186,186,236,236,270,270,270,299,299,377,377,396,396,416,6,23,23,23,38,38,57,57,71,71,87,87,161,161,172,172,188,188,30,61,61,93,105,117,145,190,219,243,255,267,279,291,303,70,98,98],"floor_reached":56,"playtime":5041,"items_purged":["Strike_B","Ball Lightning"],"score":2489,"play_id":"db2467cb-37d4-454d-a2c1-3b1f55044535","local_time":"20190312163706","is_ascension_mode":true,"campfire_choices":[{"data":"Darkness","floor":6,"key":"SMITH"},{"data":"Buffer","floor":8,"key":"SMITH"},{"floor":10,"key":"REST"},{"data":"Reinforced Body","floor":15,"key":"SMITH"},{"data":"Defragment","floor":23,"key":"SMITH"},{"data":"Biased Cognition","floor":28,"key":"SMITH"},{"data":"Hologram","floor":32,"key":"SMITH"},{"floor":41,"key":"REST"},{"floor":44,"key":"RECALL"},{"data":"Hologram","floor":49,"key":"SMITH"},{"floor":53,"key":"REST"}],"neow_cost":"NONE","seed_source_timestamp":105465110557335,"circlet_count":0,"master_deck":["AscendersBane","Defend_B+1","Defend_B+1","Defend_B+1","Defend_B+1","Zap+1","Dualcast","Hologram","Darkness+1","Compile Driver","Buffer+1","Reinforced Body+1","Hologram+1","Seek+1","Compile Driver","Hologram","Dark Shackles","Defragment+1","Steam","Glacier","Biased Cognition+1","Core Surge","Coolheaded+1","Hologram+1","Capacitor+1","Coolheaded","Master of Strategy","Compile Driver"],"relics":["Cracked Core","Bottled Lightning","Regal Pillow","Pen Nib","Matryoshka","Omamori","Cursed Key","Bag of Preparation","Orichalcum","Bottled Tornado","Busted Crown","Ginger","MawBank","Meat on the Bone","Dodecahedron","Gremlin Horn"],"potions_floor_usage":[7,22,22,40,40,56,56],"damage_taken":[{"damage":2,"enemies":"Jaw Worm","floor":1,"turns":3},{"damage":0,"enemies":"Cultist","floor":3,"turns":3},{"damage":0,"enemies":"2 Louse","floor":4,"turns":2},{"damage":1,"enemies":"2 Fungi Beasts","floor":5,"turns":3},{"damage":17,"enemies":"3 Sentries","floor":7,"turns":5},{"damage":8,"enemies":"Gremlin Nob","floor":11,"turns":4},{"damage":5,"enemies":"3 Sentries","floor":14,"turns":6},{"damage":0,"enemies":"The Guardian","floor":16,"turns":12},{"damage":11,"enemies":"Shell Parasite","floor":18,"turns":5},{"damage":0,"enemies":"Spheric Guardian","floor":20,"turns":4},{"damage":5,"enemies":"Shelled Parasite and Fungi","floor":22,"turns":6},{"damage":0,"enemies":"3 Cultists","floor":25,"turns":4},{"damage":0,"enemies":"Cultist and Chosen","floor":27,"turns":7},{"damage":0,"enemies":"Snake Plant","floor":29,"turns":2},{"damage":6,"enemies":"Shelled Parasite and Fungi","floor":31,"turns":6},{"damage":0,"enemies":"Champ","floor":33,"turns":8},{"damage":3,"enemies":"3 Darklings","floor":35,"turns":5},{"damage":0,"enemies":"Orb Walker","floor":37,"turns":2},{"damage":25,"enemies":"Reptomancer","floor":40,"turns":7},{"damage":0,"enemies":"Giant Head","floor":42,"turns":6},{"damage":5,"enemies":"Transient","floor":45,"turns":6},{"damage":0,"enemies":"Nemesis","floor":46,"turns":5},{"damage":6,"enemies":"Jaw Worm Horde","floor":47,"turns":7},{"damage":0,"enemies":"3 Darklings","floor":48,"turns":6},{"damage":0,"enemies":"Time Eater","floor":50,"turns":22},{"damage":20,"enemies":"Awakened One","floor":51,"turns":13},{"damage":0,"enemies":"Shield and Spear","floor":55,"turns":7},{"damage":74,"enemies":"The Heart","floor":56,"turns":9}],"seed_played":"8085038951781272097","potions_obtained":[{"floor":3,"key":"SkillPotion"},{"floor":5,"key":"Ancient Potion"},{"floor":11,"key":"Block Potion"},{"floor":25,"key":"FocusPotion"},{"floor":29,"key":"FearPotion"},{"floor":40,"key":"LiquidBronze"},{"floor":42,"key":"Fire Potion"},{"floor":48,"key":"PowerPotion"}],"is_trial":false,"path_per_floor":["M","?","M","M","M","R","E","R","T","R","E","?","?","E","R","B",null,"M","?","M","$","M","R","?","M","T","M","R","M","?","M","R","B",null,"M","?","M","?","$","E","R","E","T","R","M","E","M","M","R","B","B",null,"R","$","E","B"],"character_chosen":"DEFECT","items_purchased":["Bag of Preparation","Dark Shackles","Defragment","Hologram","Coolheaded","Master of Strategy"],"campfire_rested":3,"item_purchase_floors":[21,21,21,39,54,54],"current_hp_per_floor":[62,62,62,62,61,61,44,44,44,71,63,45,45,40,40,40,63,52,52,52,52,47,47,47,47,47,47,47,47,47,41,41,41,64,61,61,61,61,61,36,71,71,71,71,66,66,60,60,60,60,40,63,71,71,71,0],"gold":98,"neow_bonus":"UPGRADE_CARD","is_prod":false,"is_daily":false,"chose_seed":false,"campfire_upgraded":7,"win_rate":0,"timestamp":1552433826,"path_taken":["M","?","M","M","M","R","E","R","T","R","E","?","?","E","R","BOSS","M","?","?","$","M","R","?","M","T","M","R","M","?","M","R","BOSS","M","?","?","?","$","E","R","E","T","R","M","E","?","M","R","BOSS","BOSS","R","$","E","BOSS"],"build_version":"2019-02-06","purchased_purges":2,"victory":false,"max_hp_per_floor":[71,71,71,71,71,71,71,71,71,71,71,71,71,71,71,71,71,71,71,71,71,71,71,71,71,71,71,71,71,71,71,71,71,71,71,71,71,71,71,71,71,71,71,71,71,71,71,71,71,71,71,71,71,71,71,71],"card_choices":[{"not_picked":["Turbo","Recycle","Rebound"],"picked":"SKIP","floor":1},{"not_picked":["Consume","Sweeping Beam"],"picked":"Darkness","floor":3},{"not_picked":["Hologram","Gash"],"picked":"Compile Driver","floor":4},{"not_picked":["Steam","Leap"],"picked":"Ball Lightning","floor":5},{"not_picked":["Reprogram","Fusion"],"picked":"Buffer","floor":7},{"not_picked":["Compile Driver","Turbo"],"picked":"Reinforced Body","floor":11},{"not_picked":["Streamline","Gash"],"picked":"Hologram","floor":14},{"not_picked":["Buffer","Creative AI"],"picked":"Seek","floor":16},{"not_picked":["Ball Lightning","Turbo"],"picked":"Compile Driver","floor":18},{"not_picked":["Aggregate+1","Recycle+1"],"picked":"Hologram","floor":20},{"not_picked":["Aggregate+1","Beam Cell"],"picked":"Steam","floor":22},{"not_picked":["Streamline","Stack"],"picked":"Glacier","floor":25},{"not_picked":["Go for the Eyes","Steam"],"picked":"Biased Cognition","floor":27},{"not_picked":["Turbo","Ball Lightning","Beam Cell"],"picked":"SKIP","floor":29},{"not_picked":["Rebound","Compile Driver","Streamline"],"picked":"SKIP","floor":31},{"not_picked":["Reboot","Multi-Cast"],"picked":"Core Surge","floor":33},{"not_picked":["Turbo"],"picked":"SKIP","floor":35},{"not_picked":[],"picked":"Coolheaded","floor":37},{"not_picked":["Aggregate"],"picked":"SKIP","floor":40},{"not_picked":["Chaos"],"picked":"SKIP","floor":42},{"not_picked":[],"picked":"Capacitor+1","floor":45},{"not_picked":["Go for the Eyes"],"picked":"SKIP","floor":46},{"not_picked":["Leap"],"picked":"SKIP","floor":47},{"not_picked":["Leap"],"picked":"SKIP","floor":48},{"not_picked":[],"picked":"Compile Driver","floor":55}],"player_experience":5149484,"relics_obtained":[{"floor":7,"key":"Bottled Lightning"},{"floor":9,"key":"Regal Pillow"},{"floor":11,"key":"Pen Nib"},{"floor":14,"key":"Omamori"},{"floor":26,"key":"Orichalcum"},{"floor":26,"key":"Bottled Tornado"},{"floor":40,"key":"Ginger"},{"floor":42,"key":"MawBank"},{"floor":43,"key":"Meat on the Bone"},{"floor":46,"key":"Dodecahedron"},{"floor":55,"key":"Gremlin Horn"}],"event_choices":[{"damage_healed":0,"gold_gain":0,"cards_transformed":["Strike_B"],"player_choice":"Change","damage_taken":0,"max_hp_gain":0,"max_hp_loss":0,"event_name":"Living Wall","floor":2,"gold_loss":0,"cards_obtained":["Hologram"]},{"damage_healed":0,"gold_gain":0,"player_choice":"Success","damage_taken":18,"relics_obtained":["Matryoshka"],"max_hp_gain":0,"max_hp_loss":0,"event_name":"Scrap Ooze","floor":12,"gold_loss":0},{"cards_removed":["Strike_B"],"damage_healed":0,"gold_gain":0,"player_choice":"Card Removal","damage_taken":0,"max_hp_gain":0,"max_hp_loss":0,"event_name":"Wheel of Change","floor":13,"gold_loss":0},{"damage_healed":0,"gold_gain":0,"player_choice":"Upgraded","damage_taken":0,"max_hp_gain":0,"max_hp_loss":0,"event_name":"Upgrade Shrine","floor":19,"gold_loss":0,"cards_upgraded":["Seek"]},{"damage_healed":0,"gold_gain":0,"player_choice":"Simplicity","damage_taken":0,"max_hp_gain":0,"max_hp_loss":0,"event_name":"Back to Basics","floor":24,"gold_loss":0,"cards_upgraded":["Strike_B","Defend_B","Defend_B","Defend_B","Defend_B"]},{"cards_removed":["Strike_B"],"damage_healed":0,"gold_gain":0,"player_choice":"Purged","damage_taken":0,"max_hp_gain":0,"max_hp_loss":0,"event_name":"Purifier","floor":36,"gold_loss":0},{"damage_healed":0,"gold_gain":0,"player_choice":"Forge","damage_taken":0,"max_hp_gain":0,"max_hp_loss":0,"event_name":"Accursed Blacksmith","floor":38,"gold_loss":0,"cards_upgraded":["Coolheaded"]}],"is_beta":true,"boss_relics":[{"not_picked":["FrozenCore","Fusion Hammer"],"picked":"Cursed Key"},{"not_picked":["Calling Bell","Pandora\u0027s Box"],"picked":"Busted Crown"}],"items_purged_floors":[21,39],"is_endless":false,"potions_floor_spawned":[3,5,11,18,25,29,40,42,48,55],"killed_by":"The Heart","ascension_level":20}