{"gold_per_floor":[117,87,97,107,122,122,139,139,139,164,194,240,252,299,311,397,409,439,469,496,542,97,97,127,127,204,234,251,251,284,284,284,284],"floor_reached":33,"playtime":2065,"items_purged":["Strike_G"],"score":634,"play_id":"7ae1fba4-7e41-4f96-a0e0-650cc30f6cec","local_time":"20190318140855","is_ascension_mode":true,"campfire_choices":[{"data":"Noxious Fumes","floor":6,"key":"SMITH"},{"floor":8,"key":"REST"},{"floor":13,"key":"REST"},{"floor":15,"key":"REST"},{"floor":23,"key":"REST"},{"floor":25,"key":"REST"},{"floor":29,"key":"REST"},{"floor":32,"key":"REST"}],"neow_cost":"NONE","seed_source_timestamp":98288218230335,"circlet_count":0,"master_deck":["AscendersBane","Defend_G+1","Defend_G","Defend_G","Defend_G","Defend_G","Strike_G","Strike_G","Strike_G","Strike_G","Survivor+1","Neutralize","Deadly Poison","Masterful Stab","Noxious Fumes+1","Dagger Spray","Deflect","Footwork","Escape Plan+1","Deflect+1","Crippling Poison","Deadly Poison+1","Leg Sweep+1","Backflip+1"],"relics":["Ring of the Snake","Bronze Scales","MawBank","War Paint","Singing Bowl","Fusion Hammer","Red Mask","Lantern","PreservedInsect","Toxic Egg 2","Potion Belt","Question Card"],"potions_floor_usage":[5,7,12,12,16,21,24,27,33,33],"damage_taken":[{"damage":1,"enemies":"Cultist","floor":1,"turns":5},{"damage":0,"enemies":"2 Louse","floor":3,"turns":3},{"damage":4,"enemies":"Small Slimes","floor":4,"turns":3},{"damage":7,"enemies":"Exordium Wildlife","floor":5,"turns":4},{"damage":8,"enemies":"Blue Slaver","floor":7,"turns":3},{"damage":8,"enemies":"Large Slime","floor":10,"turns":5},{"damage":14,"enemies":"Exordium Thugs","floor":11,"turns":5},{"damage":8,"enemies":"Gremlin Nob","floor":12,"turns":3},{"damage":10,"enemies":"Lagavulin","floor":14,"turns":7},{"damage":43,"enemies":"Slime Boss","floor":16,"turns":10},{"damage":16,"enemies":"Spheric Guardian","floor":18,"turns":7},{"damage":0,"enemies":"3 Byrds","floor":19,"turns":3},{"damage":19,"enemies":"Snake Plant","floor":20,"turns":5},{"damage":15,"enemies":"Masked Bandits","floor":21,"turns":6},{"damage":12,"enemies":"Book of Stabbing","floor":24,"turns":6},{"damage":7,"enemies":"Slavers","floor":27,"turns":5},{"damage":4,"enemies":"Snecko","floor":28,"turns":5},{"damage":12,"enemies":"Gremlin Leader","floor":30,"turns":5},{"damage":74,"enemies":"Champ","floor":33,"turns":14}],"seed_played":"6556407005873420276","potions_obtained":[{"floor":2,"key":"FearPotion"},{"floor":2,"key":"Fire Potion"},{"floor":4,"key":"Strength Potion"},{"floor":5,"key":"SkillPotion"},{"floor":11,"key":"SteroidPotion"},{"floor":14,"key":"Swift Potion"},{"floor":20,"key":"AttackPotion"},{"floor":24,"key":"SteroidPotion"},{"floor":30,"key":"Energy Potion"}],"is_trial":false,"path_per_floor":["M","?","M","M","M","R","M","R","T","M","M","E","R","E","R","B",null,"M","M","M","?","$","R","E","R","T","E","M","R","E","?","R","B"],"character_chosen":"THE_SILENT","items_purchased":["Crippling Poison","Lantern","AttackPotion","GamblersBrew"],"campfire_rested":7,"item_purchase_floors":[22,22,22,22],"current_hp_per_floor":[58,58,58,54,47,47,39,58,58,50,36,28,47,39,59,18,57,43,45,26,11,11,33,23,45,45,38,36,59,47,47,70,0],"gold":284,"neow_bonus":"RANDOM_COMMON_RELIC","is_prod":false,"is_daily":false,"chose_seed":false,"campfire_upgraded":1,"win_rate":0,"timestamp":1552943335,"path_taken":["M","?","M","M","M","R","M","R","T","?","M","E","R","E","R","BOSS","M","M","M","?","$","R","E","R","T","E","M","R","E","?","R","BOSS"],"build_version":"2019-03-15","purchased_purges":1,"victory":false,"max_hp_per_floor":[66,66,66,66,66,66,66,66,66,66,66,66,66,68,68,70,70,72,74,74,74,74,74,76,76,76,76,78,78,78,78,78,78],"card_choices":[{"not_picked":["Bane","Terror"],"picked":"Deadly Poison","floor":1},{"not_picked":["Prepared","Underhanded Strike"],"picked":"Masterful Stab","floor":3},{"not_picked":["Acrobatics","Flying Knee"],"picked":"Noxious Fumes","floor":4},{"not_picked":["Terror","Acrobatics","Deadly Poison"],"picked":"SKIP","floor":5},{"not_picked":["Reflex","Flechettes"],"picked":"Dagger Spray","floor":7},{"not_picked":["Bane","Dagger Throw","Finisher"],"picked":"SKIP","floor":10},{"not_picked":["Outmaneuver","Prepared"],"picked":"Deflect","floor":11},{"not_picked":["Backflip","Blade Dance"],"picked":"Footwork","floor":12},{"not_picked":["Dagger Spray","Endless Agony","Blade Dance"],"picked":"Singing Bowl","floor":14},{"not_picked":["Venomology","Unload","Tools of the Trade"],"picked":"Singing Bowl","floor":16},{"not_picked":["Expertise","Infinite Blades","Endless Agony"],"picked":"Singing Bowl","floor":18},{"not_picked":["Blade Dance","Outmaneuver+1","Finisher"],"picked":"Singing Bowl","floor":19},{"not_picked":["Predator","Acrobatics+1"],"picked":"Escape Plan+1","floor":20},{"not_picked":["Slice","Dagger Spray"],"picked":"Deflect+1","floor":21},{"not_picked":["Bouncing Flask","Expertise","Sucker Punch"],"picked":"Singing Bowl","floor":24},{"not_picked":["Grand Finale","Bane"],"picked":"Deadly Poison+1","floor":27},{"not_picked":["Dagger Throw","Eviscerate","Underhanded Strike"],"picked":"Singing Bowl","floor":28},{"not_picked":["Storm of Steel+1","Flying Knee"],"picked":"Leg Sweep+1","floor":30}],"player_experience":5221895,"relics_obtained":[{"floor":9,"key":"MawBank"},{"floor":12,"key":"War Paint"},{"floor":14,"key":"Singing Bowl"},{"floor":21,"key":"Red Mask"},{"floor":24,"key":"PreservedInsect"},{"floor":26,"key":"Toxic Egg 2"},{"floor":27,"key":"Potion Belt"},{"floor":30,"key":"Question Card"}],"event_choices":[{"damage_healed":0,"gold_gain":0,"player_choice":"Bought 2 Potions","damage_taken":0,"max_hp_gain":0,"max_hp_loss":0,"event_name":"The Woman in Blue","floor":2,"gold_loss":0},{"damage_healed":0,"gold_gain":0,"player_choice":"Fought Bandits","damage_taken":0,"max_hp_gain":0,"max_hp_loss":0,"event_name":"Masked Bandits","floor":21,"gold_loss":0},{"damage_healed":0,"gold_gain":0,"player_choice":"Read","damage_taken":0,"max_hp_gain":0,"max_hp_loss":0,"event_name":"The Library","floor":31,"gold_loss":0,"cards_obtained":["Backflip"]}],"is_beta":true,"boss_relics":[{"not_picked":["Ectoplasm","Coffee Dripper"],"picked":"Fusion Hammer"}],"items_purged_floors":[22],"is_endless":false,"potions_floor_spawned":[4,5,11,14,20,24,30],"killed_by":"Champ","ascension_level":20}