{"gold_per_floor":[112,128,128,141,66,66,94,94,121,121,140,140,167,182,182,256,256,268,87,98,98,111,111,440,440,440,470,470,496,496,511,511,587,587,603,603,603,27,0,0,20,54,79,79,79,125,150,150,150,150,150,150,150,1,32,32],"floor_reached":57,"playtime":4000,"items_purged":["Strike_R","Strike_R","Strike_R"],"score":2844,"play_id":"e1b8899f-b25c-46a2-a56c-578a28a13ff4","local_time":"20190312143101","is_ascension_mode":true,"campfire_choices":[{"data":"Bash","floor":6,"key":"SMITH"},{"data":"Uppercut","floor":8,"key":"SMITH"},{"data":"Disarm","floor":10,"key":"SMITH"},{"data":"Inflame","floor":15,"key":"SMITH"},{"data":"Heavy Blade","floor":23,"key":"SMITH"},{"data":"Limit Break","floor":25,"key":"SMITH"},{"data":"Battle Trance","floor":32,"key":"SMITH"},{"data":"Spot Weakness","floor":40,"key":"SMITH"},{"floor":44,"key":"RECALL"},{"data":"Dual Wield","floor":49,"key":"SMITH"},{"data":"Heavy Blade","floor":53,"key":"SMITH"}],"neow_cost":"NONE","seed_source_timestamp":98895361227318,"circlet_count":0,"master_deck":["AscendersBane","Strike_R+1","Defend_R","Defend_R","Defend_R","Bash+1","Disarm+1","Feel No Pain","Battle Trance","Uppercut+1","Headbutt+1","Inflame+1","Limit Break+1","Twin Strike+1","Battle Trance+1","Heavy Blade+1","Spot Weakness+1","Immolate","Disarm+1","Reaper","Heavy Blade+1","Disarm","Clothesline","Dual Wield+1","Dark Shackles","Uppercut"],"relics":["Burning Blood","Bag of Preparation","Mango","Bag of Marbles","Whetstone","Busted Crown","Old Coin","PreservedInsect","Torii","Snecko Eye","ClockworkSouvenir","Vajra","Red Mask","Lantern","Juzu Bracelet","Unceasing Top","Pen Nib","Bottled Flame"],"potions_floor_usage":[20,27,27,56,56],"damage_taken":[{"damage":1,"enemies":"2 Louse","floor":1,"turns":2},{"damage":5,"enemies":"Cultist","floor":2,"turns":4},{"damage":13,"enemies":"Small Slimes","floor":4,"turns":5},{"damage":51,"enemies":"Lagavulin","floor":7,"turns":7},{"damage":4,"enemies":"2 Fungi Beasts","floor":11,"turns":4},{"damage":8,"enemies":"3 Sentries","floor":13,"turns":14},{"damage":0,"enemies":"3 Louse","floor":14,"turns":2},{"damage":10,"enemies":"The Guardian","floor":16,"turns":14},{"damage":8,"enemies":"Chosen","floor":18,"turns":4},{"damage":3,"enemies":"Shell Parasite","floor":20,"turns":2},{"damage":9,"enemies":"3 Cultists","floor":22,"turns":4},{"damage":0,"enemies":"Gremlin Leader","floor":24,"turns":3},{"damage":16,"enemies":"Book of Stabbing","floor":27,"turns":4},{"damage":0,"enemies":"Slavers","floor":29,"turns":1},{"damage":10,"enemies":"Centurion and Healer","floor":31,"turns":4},{"damage":16,"enemies":"Champ","floor":33,"turns":5},{"damage":31,"enemies":"3 Darklings","floor":35,"turns":6},{"damage":1,"enemies":"3 Shapes","floor":41,"turns":3},{"damage":0,"enemies":"Reptomancer","floor":42,"turns":2},{"damage":0,"enemies":"2 Orb Walkers","floor":46,"turns":1},{"damage":9,"enemies":"Giant Head","floor":47,"turns":4},{"damage":64,"enemies":"Awakened One","floor":50,"turns":8},{"damage":104,"enemies":"Donu and Deca","floor":51,"turns":6},{"damage":73,"enemies":"Shield and Spear","floor":55,"turns":9},{"damage":126,"enemies":"The Heart","floor":56,"turns":7}],"seed_played":"-6754203868016962438","potions_obtained":[{"floor":4,"key":"Block Potion"},{"floor":7,"key":"SpeedPotion"},{"floor":12,"key":"PowerPotion"},{"floor":20,"key":"Weak Potion"},{"floor":33,"key":"Swift Potion"},{"floor":35,"key":"Dexterity Potion"},{"floor":55,"key":"Strength Potion"}],"is_trial":false,"path_per_floor":["M","M","?","M","$","R","E","R","T","R","M","?","E","M","R","B",null,"M","$","M","?","M","R","E","R","T","E","?","E","?","M","R","B",null,"M","?","?","$","?","R","M","E","T","R","?","?","E","$","R","B","B",null,"R","$","E","B",null],"character_chosen":"IRONCLAD","items_purchased":["Battle Trance","ClockworkSouvenir","SteroidPotion","Vajra","Dark Shackles","Uppercut"],"campfire_rested":0,"item_purchase_floors":[19,38,38,38,54,54],"current_hp_per_floor":[73,74,74,67,67,67,36,36,36,36,38,38,36,42,42,38,76,74,74,77,77,74,74,80,80,80,70,70,76,76,72,72,62,82,89,79,79,79,79,79,85,85,85,85,85,85,85,85,85,85,85,85,85,85,85,24],"gold":32,"neow_bonus":"THREE_CARDS","is_prod":false,"is_daily":false,"chose_seed":false,"campfire_upgraded":10,"win_rate":0,"timestamp":1552426261,"path_taken":["M","M","?","M","$","R","E","R","T","R","?","?","E","M","R","BOSS","M","$","?","?","M","R","E","R","T","E","?","E","?","?","R","BOSS","M","?","?","$","?","R","M","E","T","R","?","?","E","?","R","BOSS","BOSS","R","$","E","BOSS"],"build_version":"2019-02-06","purchased_purges":3,"victory":true,"max_hp_per_floor":[75,75,75,75,75,75,89,89,89,89,89,89,89,89,89,89,89,89,89,89,89,89,89,89,89,89,89,89,89,89,89,89,89,89,89,89,85,85,85,85,85,85,85,85,85,85,85,85,85,85,85,85,85,85,85,85],"card_choices":[{"not_picked":["Pommel Strike","Sword Boomerang"],"picked":"Disarm","floor":0},{"not_picked":["Body Slam","Sentinel"],"picked":"Feel No Pain","floor":1},{"not_picked":["Second Wind","Intimidate"],"picked":"Sword Boomerang","floor":2},{"not_picked":["Metallicize","Warcry"],"picked":"Battle Trance","floor":4},{"not_picked":["Demon Form","Reckless Charge"],"picked":"Uppercut","floor":7},{"not_picked":["Sword Boomerang","Twin Strike"],"picked":"Headbutt","floor":11},{"not_picked":["Pommel Strike","Feel No Pain"],"picked":"Inflame","floor":13},{"not_picked":["Perfected Strike","Infernal Blade","Thunderclap"],"picked":"SKIP","floor":14},{"not_picked":["Juggernaut","Berserk"],"picked":"Limit Break","floor":16},{"not_picked":[],"picked":"Twin Strike+1","floor":18},{"not_picked":[],"picked":"Heavy Blade","floor":20},{"not_picked":[],"picked":"Spot Weakness","floor":22},{"not_picked":["Wild Strike"],"picked":"SKIP","floor":24},{"not_picked":[],"picked":"Immolate","floor":27},{"not_picked":["Rage"],"picked":"SKIP","floor":29},{"not_picked":[],"picked":"Disarm+1","floor":31},{"not_picked":[],"picked":"Reaper","floor":33},{"not_picked":[],"picked":"Heavy Blade","floor":35},{"not_picked":[],"picked":"Disarm","floor":41},{"not_picked":[],"picked":"Clothesline","floor":42},{"not_picked":[],"picked":"Dual Wield","floor":46},{"not_picked":["Seeing Red+1"],"picked":"SKIP","floor":47},{"not_picked":["True Grit"],"picked":"SKIP","floor":55}],"player_experience":5143027,"relics_obtained":[{"floor":7,"key":"Mango"},{"floor":9,"key":"Bag of Marbles"},{"floor":13,"key":"Whetstone"},{"floor":24,"key":"Old Coin"},{"floor":27,"key":"PreservedInsect"},{"floor":29,"key":"Torii"},{"floor":42,"key":"Lantern"},{"floor":43,"key":"Juzu Bracelet"},{"floor":46,"key":"Unceasing Top"},{"floor":47,"key":"Pen Nib"},{"floor":55,"key":"Bottled Flame"}],"event_choices":[{"cards_removed":["Sword Boomerang"],"damage_healed":0,"gold_gain":0,"player_choice":"Gave Card","damage_taken":0,"relics_obtained":["Bag of Preparation"],"max_hp_gain":0,"max_hp_loss":0,"event_name":"WeMeetAgain","floor":3,"gold_loss":0},{"damage_healed":0,"gold_gain":0,"player_choice":"Got Potions","damage_taken":0,"max_hp_gain":0,"max_hp_loss":0,"event_name":"Lab","floor":12,"gold_loss":0},{"damage_healed":0,"gold_gain":0,"player_choice":"Ignored","damage_taken":0,"max_hp_gain":0,"max_hp_loss":0,"event_name":"Ghosts","floor":21,"gold_loss":0},{"damage_healed":0,"gold_gain":0,"player_choice":"Ignored","damage_taken":0,"max_hp_gain":0,"max_hp_loss":0,"event_name":"Vampires","floor":28,"gold_loss":0},{"cards_removed":["Strike_R"],"damage_healed":0,"gold_gain":0,"player_choice":"Card Removal","damage_taken":0,"max_hp_gain":0,"max_hp_loss":0,"event_name":"Wheel of Change","floor":30,"gold_loss":0},{"damage_healed":0,"gold_gain":0,"player_choice":"Memory 3","damage_taken":10,"max_hp_gain":0,"max_hp_loss":0,"event_name":"SensoryStone","floor":36,"gold_loss":0},{"damage_healed":0,"gold_gain":0,"player_choice":"Max HP","damage_taken":0,"max_hp_gain":0,"max_hp_loss":4,"event_name":"Winding Halls","floor":37,"gold_loss":0},{"damage_healed":0,"gold_gain":0,"player_choice":"Paid","damage_taken":0,"relics_obtained":["Red Mask"],"max_hp_gain":0,"max_hp_loss":0,"event_name":"Tomb of Lord Red Mask","floor":39,"gold_loss":27},{"cards_removed":["Defend_R"],"damage_healed":0,"gold_gain":0,"player_choice":"Removed Skill","damage_taken":0,"max_hp_gain":0,"max_hp_loss":0,"event_name":"Falling","floor":45,"gold_loss":0},{"damage_healed":0,"gold_gain":0,"player_choice":"Fight","damage_taken":0,"max_hp_gain":0,"max_hp_loss":0,"event_name":"Mysterious Sphere","floor":46,"gold_loss":0}],"is_beta":true,"boss_relics":[{"not_picked":["Calling Bell","Empty Cage"],"picked":"Busted Crown"},{"not_picked":["Lizard Tail","Tiny House"],"picked":"Snecko Eye"}],"items_purged_floors":[5,19,38],"is_endless":false,"potions_floor_spawned":[4,7,14,20,33,35,47,55],"ascension_level":20}