{"gold_per_floor":[110,121,86,86,86,86,106,125,150,150,17,92,102,137,137,208,208,220,220,220,220,231,231,256,256,280,299,299,332,332,361,361,361],"floor_reached":33,"playtime":1935,"items_purged":[],"score":627,"play_id":"d20dddd4-4e5f-4c4c-b8f5-b63ac56cc324","local_time":"20190320140234","is_ascension_mode":true,"campfire_choices":[{"data":"Neutralize","floor":6,"key":"SMITH"},{"floor":10,"key":"REST"},{"data":"Footwork","floor":15,"key":"SMITH"},{"data":"Corpse Explosion","floor":23,"key":"SMITH"},{"data":"After Image","floor":25,"key":"SMITH"},{"data":"Infinite Blades","floor":28,"key":"SMITH"},{"floor":30,"key":"REST"},{"floor":32,"key":"REST"}],"neow_cost":"PERCENT_DAMAGE","seed_source_timestamp":270840660729999,"circlet_count":0,"master_deck":["AscendersBane","Defend_G+1","Defend_G+1","Defend_G+1","Defend_G+1","Defend_G+1","Strike_G+1","Strike_G+1","Strike_G+1","Strike_G+1","Strike_G+1","Survivor","Neutralize+1","Endless Agony+1","Infinite Blades+1","Poisoned Stab+1","Footwork+1","Corpse Explosion+1","Calculated Gamble","After Image+1","Leg Sweep","Prepared+1","Leg Sweep+1"],"relics":["Ring of the Snake","Strawberry","Oddly Smooth Stone","Bag of Preparation","Runic Dome","WingedGreaves","Whetstone","Unceasing Top","Bottled Lightning"],"potions_floor_usage":[14,16,24,33,33],"damage_taken":[{"damage":8,"enemies":"Small Slimes","floor":1,"turns":5},{"damage":0,"enemies":"2 Louse","floor":2,"turns":4},{"damage":0,"enemies":"Jaw Worm","floor":7,"turns":4},{"damage":0,"enemies":"Exordium Wildlife","floor":8,"turns":8},{"damage":1,"enemies":"3 Louse","floor":13,"turns":4},{"damage":2,"enemies":"3 Sentries","floor":14,"turns":4},{"damage":16,"enemies":"The Guardian","floor":16,"turns":12},{"damage":6,"enemies":"Chosen","floor":18,"turns":5},{"damage":0,"enemies":"Shell Parasite","floor":22,"turns":7},{"damage":14,"enemies":"Book of Stabbing","floor":24,"turns":6},{"damage":0,"enemies":"Centurion and Healer","floor":27,"turns":8},{"damage":16,"enemies":"Slavers","floor":29,"turns":3},{"damage":29,"enemies":"Gremlin Leader","floor":31,"turns":7},{"damage":77,"enemies":"Champ","floor":33,"turns":21}],"seed_played":"-7385325142255951928","potions_obtained":[{"floor":2,"key":"SpeedPotion"},{"floor":8,"key":"SkillPotion"},{"floor":14,"key":"SteroidPotion"},{"floor":16,"key":"FearPotion"},{"floor":18,"key":"GhostInAJar"},{"floor":24,"key":"SpeedPotion"},{"floor":29,"key":"GhostInAJar"}],"is_trial":false,"path_per_floor":["M","M","?","?","?","R","M","M","T","R","$","?","M","E","R","B",null,"M","?","?","T","M","R","E","R","T","M","R","E","R","E","R","B"],"character_chosen":"THE_SILENT","items_purchased":["Footwork","Poison Potion"],"campfire_rested":3,"item_purchase_floors":[11,11],"current_hp_per_floor":[48,48,67,44,33,33,33,33,33,58,58,47,46,44,44,28,71,65,65,65,65,65,65,51,51,51,51,51,35,60,31,56,0],"gold":361,"neow_bonus":"TWENTY_PERCENT_HP_BONUS","is_prod":false,"is_daily":false,"chose_seed":false,"campfire_upgraded":5,"win_rate":0,"timestamp":1553115754,"path_taken":["M","M","?","?","?","R","?","M","T","R","$","?","M","E","R","BOSS","M","?","?","?","M","R","E","R","T","M","R","E","R","E","R","BOSS"],"build_version":"2019-03-15","purchased_purges":0,"victory":false,"max_hp_per_floor":[78,78,78,78,85,85,85,85,85,85,85,85,85,85,85,85,85,85,85,85,85,85,85,85,85,85,85,85,85,85,85,85,85],"card_choices":[{"not_picked":["Deflect","Acrobatics"],"picked":"Endless Agony","floor":1},{"not_picked":["Blade Dance","Dagger Throw"],"picked":"Infinite Blades","floor":2},{"not_picked":["Flechettes","Infinite Blades","Slice"],"picked":"SKIP","floor":7},{"not_picked":["Expertise","Dagger Spray"],"picked":"Poisoned Stab","floor":8},{"not_picked":["Masterful Stab","Slice"],"picked":"Corpse Explosion","floor":13},{"not_picked":["Prepared","Caltrops"],"picked":"Calculated Gamble","floor":14},{"not_picked":["Die Die Die","Burst"],"picked":"After Image","floor":16},{"not_picked":["Sucker Punch","Quick Slash"],"picked":"Leg Sweep","floor":18},{"not_picked":["Infinite Blades","Dagger Throw"],"picked":"Prepared+1","floor":22},{"not_picked":["Cloak And Dagger","Outmaneuver+1"],"picked":"Leg Sweep+1","floor":24},{"not_picked":["Blade Dance","Slice","Quick Slash"],"picked":"SKIP","floor":27},{"not_picked":["Cloak And Dagger","Endless Agony+1","Accuracy"],"picked":"SKIP","floor":29},{"not_picked":["Phantasmal Killer","Quick Slash","Dagger Spray"],"picked":"SKIP","floor":31}],"player_experience":5268154,"relics_obtained":[{"floor":9,"key":"Oddly Smooth Stone"},{"floor":14,"key":"Bag of Preparation"},{"floor":24,"key":"WingedGreaves"},{"floor":26,"key":"Whetstone"},{"floor":29,"key":"Unceasing Top"},{"floor":31,"key":"Bottled Lightning"}],"event_choices":[{"damage_healed":19,"gold_gain":0,"player_choice":"Healed","damage_taken":0,"max_hp_gain":0,"max_hp_loss":0,"event_name":"The Cleric","floor":3,"gold_loss":35},{"damage_healed":0,"gold_gain":0,"player_choice":"Entered Light","damage_taken":23,"max_hp_gain":0,"max_hp_loss":0,"event_name":"Shining Light","floor":4,"gold_loss":0,"cards_upgraded":["Defend_G","Strike_G"]},{"damage_healed":0,"gold_gain":0,"player_choice":"Success","damage_taken":18,"relics_obtained":["Strawberry"],"max_hp_gain":0,"max_hp_loss":0,"event_name":"Scrap Ooze","floor":5,"gold_loss":0},{"damage_healed":0,"gold_gain":75,"player_choice":"Gather Gold","damage_taken":11,"max_hp_gain":0,"max_hp_loss":0,"event_name":"World of Goop","floor":12,"gold_loss":0},{"damage_healed":0,"gold_gain":0,"player_choice":"Ignored","damage_taken":0,"max_hp_gain":0,"max_hp_loss":0,"event_name":"The Mausoleum","floor":19,"gold_loss":0},{"damage_healed":0,"gold_gain":0,"player_choice":"Simplicity","damage_taken":0,"max_hp_gain":0,"max_hp_loss":0,"event_name":"Back to Basics","floor":20,"gold_loss":0,"cards_upgraded":["Defend_G","Defend_G","Defend_G","Defend_G","Strike_G","Strike_G","Strike_G","Strike_G"]}],"is_beta":true,"boss_relics":[{"not_picked":["Eternal Feather","Lizard Tail"],"picked":"Runic Dome"}],"items_purged_floors":[],"is_endless":false,"potions_floor_spawned":[2,8,14,16,18,24,29],"killed_by":"Champ","ascension_level":20}