{"gold_per_floor":[116,116,133,6,16,16,51,51,51,80,90,90,128,28,28,124,124,140,86,104,104,119,119,160,160,160,44,44,44,87,100,100,196,196,211,211,44,69,69,69,92,92,92,131,131,131,151,186,186,186,186,186,186,71,110,110],"floor_reached":57,"playtime":5018,"items_purged":["Strike_R","Strike_R"],"score":2828,"play_id":"5c3679ca-445c-496e-a791-a376a4032087","local_time":"20190321161100","is_ascension_mode":true,"campfire_choices":[{"data":"Hemokinesis","floor":6,"key":"SMITH"},{"data":"Armaments","floor":8,"key":"SMITH"},{"data":"Anger","floor":15,"key":"SMITH"},{"floor":23,"key":"REST"},{"data":"Feel No Pain","floor":25,"key":"SMITH"},{"floor":29,"key":"REST"},{"floor":32,"key":"REST"},{"floor":40,"key":"REST"},{"floor":42,"key":"REST"},{"floor":45,"key":"REST"},{"floor":49,"key":"RECALL"},{"floor":53,"key":"REST"}],"neow_cost":"NONE","seed_source_timestamp":66172632885291,"circlet_count":0,"master_deck":["AscendersBane","Defend_R","Defend_R","Defend_R","Bash+1","Battle Trance","Hemokinesis+1","Armaments+1","Headbutt","Feel No Pain+1","Anger+1","Thunderclap+1","Feed+1","Armaments+1","Flame Barrier+1","Shrug It Off","Berserk","Infernal Blade","Shrug It Off","Corruption","Spot Weakness","Disarm","Flame Barrier","Offering","Disarm+1","Dual Wield+1","Shockwave","Power Through+1","Barricade","Shockwave","Evolve","Havoc+1"],"relics":["Black Blood","Charon\u0027s Ashes","Kunai","WingedGreaves","Golden Idol","Omamori","Astrolabe","Oddly Smooth Stone","Anchor","Shuriken","Singing Bowl","Centennial Puzzle","Dead Branch","Bag of Preparation","Nunchaku"],"potions_floor_usage":[10,13,20,22,24,30,35,56,56],"damage_taken":[{"damage":0,"enemies":"2 Louse","floor":1,"turns":4},{"damage":1,"enemies":"Cultist","floor":3,"turns":3},{"damage":6,"enemies":"Jaw Worm","floor":5,"turns":3},{"damage":10,"enemies":"Gremlin Nob","floor":7,"turns":3},{"damage":11,"enemies":"Lagavulin","floor":10,"turns":6},{"damage":8,"enemies":"Blue Slaver","floor":11,"turns":4},{"damage":10,"enemies":"Gremlin Nob","floor":13,"turns":3},{"damage":34,"enemies":"Hexaghost","floor":16,"turns":7},{"damage":21,"enemies":"3 Byrds","floor":18,"turns":5},{"damage":5,"enemies":"Chosen","floor":20,"turns":6},{"damage":39,"enemies":"Snake Plant","floor":22,"turns":6},{"damage":37,"enemies":"Slavers","floor":24,"turns":6},{"damage":3,"enemies":"Book of Stabbing","floor":30,"turns":5},{"damage":18,"enemies":"Snecko","floor":31,"turns":6},{"damage":43,"enemies":"Automaton","floor":33,"turns":10},{"damage":39,"enemies":"3 Darklings","floor":35,"turns":6},{"damage":26,"enemies":"Orb Walker","floor":38,"turns":5},{"damage":57,"enemies":"Maw","floor":41,"turns":9},{"damage":27,"enemies":"Nemesis","floor":44,"turns":3},{"damage":7,"enemies":"Transient","floor":47,"turns":6},{"damage":23,"enemies":"Giant Head","floor":48,"turns":5},{"damage":6,"enemies":"Time Eater","floor":50,"turns":10},{"damage":16,"enemies":"Awakened One","floor":51,"turns":11},{"damage":84,"enemies":"Shield and Spear","floor":55,"turns":12},{"damage":15,"enemies":"The Heart","floor":56,"turns":10}],"seed_played":"-2831004185940446362","potions_obtained":[{"floor":1,"key":"GamblersBrew"},{"floor":3,"key":"Fire Potion"},{"floor":16,"key":"Regen Potion"},{"floor":20,"key":"SpeedPotion"},{"floor":24,"key":"Poison Potion"},{"floor":31,"key":"Explosive Potion"},{"floor":38,"key":"LiquidBronze"},{"floor":41,"key":"Explosive Potion"},{"floor":48,"key":"Dexterity Potion"},{"floor":55,"key":"GamblersBrew"}],"is_trial":false,"path_per_floor":["M","?","M","$","M","R","E","R","T","E","M","?","E","$","R","B",null,"M","$","M","?","M","R","E","R","T","$","T","R","E","M","R","B",null,"M","?","$","M","$","R","M","R","T","E","R","?","M","E","R","B","B",null,"R","$","E","B",null],"character_chosen":"IRONCLAD","items_purchased":["Armaments","Poison Potion","Corruption","Spot Weakness","Centennial Puzzle","Shockwave","Evolve"],"campfire_rested":7,"item_purchase_floors":[4,19,27,27,37,54,54],"current_hp_per_floor":[74,74,75,75,75,75,71,71,71,66,64,64,60,60,60,32,59,48,48,68,68,39,63,36,36,36,36,36,61,68,60,87,50,82,53,53,53,39,39,67,24,53,53,40,70,70,73,64,64,68,66,99,110,110,40,35],"gold":110,"neow_bonus":"UPGRADE_CARD","is_prod":false,"is_daily":false,"chose_seed":false,"campfire_upgraded":4,"win_rate":0,"timestamp":1553209860,"path_taken":["M","?","M","$","M","R","E","R","T","E","?","?","E","?","R","BOSS","M","$","M","?","M","R","E","R","T","?","?","R","E","M","R","BOSS","M","?","$","M","?","R","M","R","T","E","R","?","?","E","R","BOSS","BOSS","R","$","E","BOSS"],"build_version":"2019-03-15","purchased_purges":2,"victory":true,"max_hp_per_floor":[75,75,75,75,75,75,75,75,75,75,75,68,68,68,68,68,68,72,72,76,76,80,80,84,84,84,84,84,84,88,92,92,92,92,92,92,92,94,94,94,98,98,98,102,102,102,102,106,106,106,110,110,110,110,114,114],"card_choices":[{"not_picked":["Searing Blow","Burning Pact"],"picked":"Battle Trance","floor":1},{"not_picked":["Iron Wave","Sword Boomerang"],"picked":"Hemokinesis","floor":3},{"not_picked":["Twin Strike","Whirlwind"],"picked":"Headbutt","floor":5},{"not_picked":["Cleave","Armaments"],"picked":"Thunderclap","floor":7},{"not_picked":["Uppercut","Bludgeon"],"picked":"Feel No Pain","floor":10},{"not_picked":["Feel No Pain","Dropkick"],"picked":"Carnage","floor":11},{"not_picked":["Twin Strike","Thunderclap"],"picked":"Anger","floor":13},{"not_picked":["Bloodletting","Body Slam"],"picked":"Flame Barrier+1","floor":18},{"not_picked":["Clothesline","Warcry"],"picked":"Shrug It Off","floor":20},{"not_picked":["Heavy Blade","Wild Strike"],"picked":"Infernal Blade","floor":22},{"not_picked":["Reckless Charge","Carnage+1"],"picked":"Shrug It Off","floor":24},{"not_picked":["Thunderclap","Ghostly Armor"],"picked":"Disarm","floor":30},{"not_picked":["Wild Strike","Ghostly Armor"],"picked":"Flame Barrier","floor":31},{"not_picked":["Impervious","Barricade"],"picked":"Offering","floor":33},{"not_picked":["Warcry+1","Dual Wield"],"picked":"Disarm+1","floor":35},{"not_picked":["Iron Wave","Armaments+1","Pommel Strike"],"picked":"Singing Bowl","floor":38},{"not_picked":["Reckless Charge+1","Metallicize+1"],"picked":"Dual Wield+1","floor":41},{"not_picked":["Body Slam+1","Carnage"],"picked":"Shockwave","floor":44},{"not_picked":["Headbutt","Flex+1"],"picked":"Power Through+1","floor":47},{"not_picked":["Flex","Intimidate"],"picked":"Barricade","floor":48},{"not_picked":["Spot Weakness","Sword Boomerang"],"picked":"Havoc+1","floor":55}],"player_experience":5284702,"relics_obtained":[{"floor":7,"key":"Charon\u0027s Ashes"},{"floor":9,"key":"Kunai"},{"floor":10,"key":"WingedGreaves"},{"floor":13,"key":"Omamori"},{"floor":24,"key":"Oddly Smooth Stone"},{"floor":26,"key":"Anchor"},{"floor":28,"key":"Shuriken"},{"floor":30,"key":"Singing Bowl"},{"floor":44,"key":"Dead Branch"},{"floor":48,"key":"Bag of Preparation"},{"floor":55,"key":"Nunchaku"}],"event_choices":[{"cards_removed":["Strike_R"],"damage_healed":0,"gold_gain":0,"player_choice":"Offered Basic","damage_taken":0,"max_hp_gain":0,"max_hp_loss":0,"event_name":"Bonfire Elementals","floor":2,"gold_loss":0},{"damage_healed":0,"gold_gain":0,"player_choice":"Lose Max HP","damage_taken":0,"relics_obtained":["Golden Idol"],"max_hp_gain":0,"max_hp_loss":7,"event_name":"Golden Idol","floor":12,"gold_loss":0},{"damage_healed":0,"gold_gain":0,"cards_transformed":["Thunderclap"],"player_choice":"Transformed","damage_taken":0,"max_hp_gain":0,"max_hp_loss":0,"event_name":"Transmorgrifier","floor":21,"gold_loss":0,"cards_obtained":["Berserk"]},{"cards_removed":["Carnage"],"damage_healed":0,"gold_gain":0,"player_choice":"Removed Attack","damage_taken":0,"max_hp_gain":0,"max_hp_loss":0,"event_name":"Falling","floor":36,"gold_loss":0},{"damage_healed":0,"gold_gain":0,"player_choice":"Ignored","damage_taken":0,"max_hp_gain":0,"max_hp_loss":0,"event_name":"Mysterious Sphere","floor":46,"gold_loss":0}],"is_beta":true,"boss_relics":[{"not_picked":["Pandora\u0027s Box","Lizard Tail"],"picked":"Astrolabe"},{"not_picked":["Eternal Feather","White Beast Statue"],"picked":"Black Blood"}],"items_purged_floors":[4,14],"is_endless":false,"potions_floor_spawned":[1,3,5,16,20,24,31,38,41,47,48,55],"ascension_level":20}