{"gold_per_floor":[214,214,214,289,17,17,42,42,69,69,93,93,131,154,154,154],"floor_reached":16,"playtime":406,"items_purged":["Strike_R"],"score":192,"play_id":"ab25117b-2117-4d66-be99-5447b45c116c","local_time":"20190322144659","is_ascension_mode":true,"campfire_choices":[{"data":"Bash","floor":6,"key":"SMITH"},{"data":"Combust","floor":8,"key":"SMITH"},{"data":"Sword Boomerang","floor":10,"key":"SMITH"},{"floor":12,"key":"REST"},{"data":"Perfected Strike","floor":15,"key":"SMITH"}],"neow_cost":"NONE","seed_source_timestamp":152174528560156,"circlet_count":0,"master_deck":["AscendersBane","Strike_R","Strike_R","Strike_R","Strike_R","Defend_R","Defend_R","Defend_R","Defend_R","Bash+1","Sword Boomerang+1","Combust+1","Armaments","Pommel Strike","Perfected Strike+1"],"relics":["Burning Blood","Golden Idol","Anchor","Bag of Preparation","Centennial Puzzle","Happy Flower"],"potions_floor_usage":[16],"damage_taken":[{"damage":15,"enemies":"Small Slimes","floor":1,"turns":4},{"damage":0,"enemies":"Jaw Worm","floor":11,"turns":3},{"damage":39,"enemies":"Gremlin Nob","floor":13,"turns":4},{"damage":0,"enemies":"2 Louse","floor":14,"turns":2},{"damage":30,"enemies":"Hexaghost","floor":16,"turns":7}],"seed_played":"4715638839764951318","potions_obtained":[{"floor":13,"key":"Block Potion"}],"is_trial":false,"path_per_floor":["M","?","?","?","$","R","T","R","T","R","M","R","E","M","R","B"],"character_chosen":"IRONCLAD","items_purchased":["Anchor","Combust"],"campfire_rested":1,"item_purchase_floors":[5,5],"current_hp_per_floor":[59,64,36,25,25,25,25,25,25,25,31,55,22,28,28,0],"gold":154,"neow_bonus":"HUNDRED_GOLD","is_prod":false,"is_daily":false,"chose_seed":false,"campfire_upgraded":4,"win_rate":0,"timestamp":1553291219,"path_taken":["M","?","?","?","$","R","?","R","T","R","?","R","E","M","R","BOSS"],"build_version":"2019-03-15","purchased_purges":1,"victory":false,"max_hp_per_floor":[75,80,80,80,80,80,80,80,80,80,80,80,80,80,80,80],"card_choices":[{"not_picked":["Reckless Charge","Heavy Blade"],"picked":"Sword Boomerang","floor":1},{"not_picked":["Searing Blow","Intimidate"],"picked":"Armaments","floor":11},{"not_picked":["Perfected Strike","Dropkick"],"picked":"Pommel Strike","floor":13},{"not_picked":["Twin Strike","Heavy Blade"],"picked":"Perfected Strike","floor":14}],"player_experience":5295503,"relics_obtained":[{"floor":7,"key":"Bag of Preparation"},{"floor":9,"key":"Centennial Puzzle"},{"floor":13,"key":"Happy Flower"}],"event_choices":[{"damage_healed":0,"gold_gain":0,"player_choice":"Donut","damage_taken":0,"max_hp_gain":5,"max_hp_loss":0,"event_name":"Big Fish","floor":2,"gold_loss":0},{"damage_healed":0,"gold_gain":0,"player_choice":"Take Damage","damage_taken":28,"relics_obtained":["Golden Idol"],"max_hp_gain":0,"max_hp_loss":0,"event_name":"Golden Idol","floor":3,"gold_loss":0},{"damage_healed":0,"gold_gain":75,"player_choice":"Gather Gold","damage_taken":11,"max_hp_gain":0,"max_hp_loss":0,"event_name":"World of Goop","floor":4,"gold_loss":0}],"is_beta":true,"boss_relics":[],"items_purged_floors":[5],"is_endless":false,"potions_floor_spawned":[13],"killed_by":"Hexaghost","ascension_level":20}