{"gold_per_floor":[212,4,22,22,36,61,61,88,113,113,113,131,131,174,174,267,267,290,309,322,342,362,362,395,395,395,430,451,576,607,645,645,645],"floor_reached":33,"playtime":2573,"items_purged":["Strike_G"],"score":750,"play_id":"174cc4e0-628a-485c-83e4-5487ebd8fc27","local_time":"20190319142930","is_ascension_mode":true,"campfire_choices":[{"floor":7,"key":"REST"},{"floor":11,"key":"REST"},{"data":"Crippling Poison","floor":15,"key":"SMITH"},{"data":"A Thousand Cuts","floor":23,"key":"SMITH"},{"floor":25,"key":"REST"},{"floor":32,"key":"REST"}],"neow_cost":"NONE","seed_source_timestamp":185419719251681,"circlet_count":0,"master_deck":["AscendersBane","Defend_G","Defend_G","Defend_G","Defend_G","Defend_G","Strike_G","Strike_G","Strike_G+1","Strike_G","Survivor","Neutralize+1","Crippling Poison+1","Skewer+1","Dash","Backflip","Backflip","Flying Knee","Dodge and Roll","Malaise","A Thousand Cuts+1","A Thousand Cuts","PiercingWail","PiercingWail"],"relics":["Ring of the Snake","Whetstone","Orichalcum","Potion Belt","Golden Idol","Ice Cream","Snecko Eye","Ancient Tea Set","Dream Catcher","Lantern","Ginger","Blue Candle","Mercury Hourglass","Red Mask"],"potions_floor_usage":[6,16,19,24,24,24,24,30,33],"damage_taken":[{"damage":4,"enemies":"Jaw Worm","floor":1,"turns":7},{"damage":2,"enemies":"2 Louse","floor":3,"turns":4},{"damage":0,"enemies":"Cultist","floor":5,"turns":3},{"damage":27,"enemies":"Lagavulin","floor":6,"turns":6},{"damage":29,"enemies":"Gremlin Nob","floor":8,"turns":5},{"damage":0,"enemies":"Gremlin Gang","floor":12,"turns":4},{"damage":29,"enemies":"Lagavulin","floor":14,"turns":10},{"damage":0,"enemies":"Slime Boss","floor":16,"turns":4},{"damage":6,"enemies":"Spheric Guardian","floor":18,"turns":5},{"damage":6,"enemies":"Shell Parasite","floor":19,"turns":5},{"damage":0,"enemies":"Snake Plant","floor":20,"turns":6},{"damage":16,"enemies":"3 Cultists","floor":21,"turns":6},{"damage":4,"enemies":"Snecko","floor":22,"turns":5},{"damage":8,"enemies":"Slavers","floor":24,"turns":6},{"damage":1,"enemies":"Book of Stabbing","floor":27,"turns":7},{"damage":3,"enemies":"Snake Plant","floor":28,"turns":3},{"damage":0,"enemies":"Colosseum Slavers","floor":29,"turns":2},{"damage":8,"enemies":"Colosseum Nobs","floor":29,"turns":4},{"damage":22,"enemies":"Slavers","floor":30,"turns":7},{"damage":1,"enemies":"Masked Bandits","floor":31,"turns":3},{"damage":25,"enemies":"Collector","floor":33,"turns":7}],"seed_played":"4749183654118768745","potions_obtained":[{"floor":6,"key":"GhostInAJar"},{"floor":8,"key":"SteroidPotion"},{"floor":12,"key":"SkillPotion"},{"floor":16,"key":"Poison Potion"},{"floor":18,"key":"Block Potion"},{"floor":22,"key":"Regen Potion"},{"floor":29,"key":"Fire Potion"},{"floor":30,"key":"Fire Potion"}],"is_trial":false,"path_per_floor":["M","$","M","?","M","E","R","E","T","?","R","M","T","E","R","B",null,"M","M","M","M","M","R","E","R","T","E","M","?","E","?","R","B"],"character_chosen":"THE_SILENT","items_purchased":["Skewer","FearPotion"],"campfire_rested":4,"item_purchase_floors":[2,2],"current_hp_per_floor":[55,55,53,53,53,26,45,16,16,16,34,34,34,5,5,5,46,40,34,34,18,14,14,21,39,39,38,35,27,5,4,22,0],"gold":645,"neow_bonus":"HUNDRED_GOLD","is_prod":false,"is_daily":false,"chose_seed":false,"campfire_upgraded":2,"win_rate":0,"timestamp":1553030970,"path_taken":["M","$","M","?","M","E","R","E","T","?","R","M","?","E","R","BOSS","M","?","M","?","M","R","E","R","T","E","M","?","E","?","R","BOSS"],"build_version":"2019-03-15","purchased_purges":1,"victory":false,"max_hp_per_floor":[66,66,66,66,66,66,66,66,66,60,60,60,60,60,60,60,60,60,60,60,60,60,60,60,60,60,60,60,60,60,60,60,60],"card_choices":[{"not_picked":["PiercingWail","Masterful Stab"],"picked":"Crippling Poison","floor":1},{"not_picked":["Bane","Prepared"],"picked":"Dash","floor":3},{"not_picked":["Dagger Spray","Calculated Gamble"],"picked":"Backflip","floor":5},{"not_picked":["Prepared","Riddle With Holes","Slice"],"picked":"SKIP","floor":6},{"not_picked":["Skewer","Catalyst"],"picked":"Backflip","floor":8},{"not_picked":["Blur","Blade Dance"],"picked":"Flying Knee","floor":12},{"not_picked":["Catalyst","Distraction"],"picked":"Dodge and Roll","floor":14},{"not_picked":["Grand Finale","Die Die Die"],"picked":"Malaise","floor":16},{"not_picked":["Deflect","Dagger Spray","Underhanded Strike"],"picked":"SKIP","floor":18},{"not_picked":["Sucker Punch","Dodge and Roll","Dagger Throw"],"picked":"SKIP","floor":19},{"not_picked":["Backflip","Dagger Spray","Deadly Poison"],"picked":"SKIP","floor":20},{"not_picked":["Masterful Stab","Dagger Spray","Deflect"],"picked":"SKIP","floor":21},{"not_picked":["Flying Knee","Deflect"],"picked":"A Thousand Cuts","floor":22},{"not_picked":["Setup","Sucker Punch+1"],"picked":"A Thousand Cuts","floor":24},{"not_picked":["Caltrops","Flying Knee","Deadly Poison"],"picked":"SKIP","floor":27},{"not_picked":["Deflect","Blur+1"],"picked":"PiercingWail","floor":28},{"not_picked":["Flying Knee+1","Infinite Blades"],"picked":"PiercingWail","floor":29},{"not_picked":["Poisoned Stab","Finisher","Dagger Spray"],"picked":"SKIP","floor":30}],"player_experience":5246511,"relics_obtained":[{"floor":6,"key":"Whetstone"},{"floor":8,"key":"Orichalcum"},{"floor":9,"key":"Potion Belt"},{"floor":14,"key":"Ice Cream"},{"floor":24,"key":"Ancient Tea Set"},{"floor":26,"key":"Dream Catcher"},{"floor":27,"key":"Lantern"},{"floor":29,"key":"Ginger"},{"floor":29,"key":"Blue Candle"},{"floor":30,"key":"Mercury Hourglass"},{"floor":31,"key":"Red Mask"}],"event_choices":[{"damage_healed":0,"gold_gain":0,"player_choice":"Grow","damage_taken":0,"max_hp_gain":0,"max_hp_loss":0,"event_name":"Living Wall","floor":4,"gold_loss":0,"cards_upgraded":["Skewer"]},{"damage_healed":0,"gold_gain":0,"player_choice":"Lose Max HP","damage_taken":0,"relics_obtained":["Golden Idol"],"max_hp_gain":0,"max_hp_loss":6,"event_name":"Golden Idol","floor":10,"gold_loss":0},{"damage_healed":0,"gold_gain":0,"player_choice":"Fight","damage_taken":0,"max_hp_gain":0,"max_hp_loss":0,"event_name":"Colosseum","floor":29,"gold_loss":0},{"damage_healed":0,"gold_gain":0,"player_choice":"Fought Nobs","damage_taken":0,"max_hp_gain":0,"max_hp_loss":0,"event_name":"Colosseum","floor":29,"gold_loss":0},{"damage_healed":0,"gold_gain":0,"player_choice":"Fought Bandits","damage_taken":0,"max_hp_gain":0,"max_hp_loss":0,"event_name":"Masked Bandits","floor":31,"gold_loss":0}],"is_beta":true,"boss_relics":[{"not_picked":["Velvet Choker","Empty Cage"],"picked":"Snecko Eye"}],"items_purged_floors":[2],"is_endless":false,"potions_floor_spawned":[6,8,12,16,18,22,29,29,30],"killed_by":"Collector","ascension_level":20}