{"gold_per_floor":[110,7,7,57,75,75,114,128,209,209,233,61,61,84,84,180,180,196,0,0],"floor_reached":20,"playtime":1064,"items_purged":["Strike_G"],"score":344,"play_id":"b624655a-cf2f-4784-bb6f-9de9ee3239f9","local_time":"20190329150455","is_ascension_mode":true,"campfire_choices":[{"data":"Neutralize","floor":6,"key":"SMITH"},{"floor":10,"key":"REST"},{"floor":13,"key":"REST"},{"data":"Envenom","floor":15,"key":"SMITH"}],"neow_cost":"NONE","seed_source_timestamp":144022405852765,"circlet_count":0,"master_deck":["AscendersBane","Defend_G","Defend_G","Defend_G","Defend_G","Defend_G","Strike_G","Strike_G","Strike_G","Strike_G","Survivor","Neutralize+1","Flying Knee","Dagger Throw","Quick Slash","Poisoned Stab","Deflect","Envenom+1","Cloak And Dagger","Acrobatics+1"],"relics":["Ring of the Snake","Dream Catcher","Golden Idol","PreservedInsect","Tiny Chest","Philosopher\u0027s Stone"],"potions_floor_usage":[16,16,18],"damage_taken":[{"damage":7,"enemies":"2 Louse","floor":1,"turns":5},{"damage":2,"enemies":"Jaw Worm","floor":5,"turns":5},{"damage":49,"enemies":"3 Sentries","floor":7,"turns":15},{"damage":0,"enemies":"Cultist","floor":8,"turns":3},{"damage":4,"enemies":"Large Slime","floor":11,"turns":8},{"damage":3,"enemies":"Looter","floor":14,"turns":3},{"damage":14,"enemies":"Hexaghost","floor":16,"turns":9},{"damage":17,"enemies":"Chosen","floor":18,"turns":5},{"damage":43,"enemies":"Colosseum Slavers","floor":20,"turns":2}],"seed_played":"-8655557760506859790","potions_obtained":[{"floor":8,"key":"Dexterity Potion"},{"floor":16,"key":"Ancient Potion"}],"is_trial":false,"path_per_floor":["M","$","?","?","M","R","E","M","T","R","M","$","R","M","R","B",null,"M","?","?"],"character_chosen":"THE_SILENT","items_purchased":["Flying Knee","LiquidBronze","Envenom"],"campfire_rested":2,"item_purchase_floors":[2,12,12],"current_hp_per_floor":[52,52,52,52,50,50,1,1,1,19,15,15,33,30,30,16,49,32,32,0],"gold":0,"neow_bonus":"RANDOM_COMMON_RELIC","is_prod":false,"is_daily":false,"chose_seed":false,"campfire_upgraded":2,"win_rate":0,"timestamp":1553897095,"path_taken":["M","$","?","?","M","R","E","?","T","R","M","$","R","M","R","BOSS","M","?","?"],"build_version":"2019-03-15","purchased_purges":1,"victory":false,"max_hp_per_floor":[66,66,60,60,60,60,60,60,60,60,60,60,60,60,60,60,60,60,60,60],"card_choices":[{"not_picked":["Blade Dance","Acrobatics","Backflip"],"picked":"SKIP","floor":1},{"not_picked":["Dodge and Roll","Accuracy"],"picked":"Dagger Throw","floor":5},{"not_picked":["Calculated Gamble","Choke"],"picked":"Quick Slash","floor":7},{"not_picked":["Slice","Riddle With Holes","Underhanded Strike"],"picked":"SKIP","floor":8},{"not_picked":["Reflex","Underhanded Strike"],"picked":"Poisoned Stab","floor":10},{"not_picked":["Bane","Prepared"],"picked":"Deflect","floor":11},{"not_picked":["Slice","Dagger Throw"],"picked":"Cloak And Dagger","floor":14},{"not_picked":["Sucker Punch","Quick Slash"],"picked":"Acrobatics+1","floor":18}],"player_experience":5369508,"relics_obtained":[{"floor":7,"key":"PreservedInsect"},{"floor":9,"key":"Tiny Chest"}],"event_choices":[{"damage_healed":0,"gold_gain":0,"player_choice":"Lose Max HP","damage_taken":0,"relics_obtained":["Golden Idol"],"max_hp_gain":0,"max_hp_loss":6,"event_name":"Golden Idol","floor":3,"gold_loss":0},{"damage_healed":0,"gold_gain":50,"player_choice":"Pray","damage_taken":0,"max_hp_gain":0,"max_hp_loss":0,"event_name":"Golden Shrine","floor":4,"gold_loss":0},{"damage_healed":0,"gold_gain":0,"player_choice":"Paid Fearfully","damage_taken":0,"max_hp_gain":0,"max_hp_loss":0,"event_name":"Masked Bandits","floor":19,"gold_loss":196},{"damage_healed":0,"gold_gain":0,"player_choice":"Fight","damage_taken":0,"max_hp_gain":0,"max_hp_loss":0,"event_name":"Colosseum","floor":20,"gold_loss":0}],"is_beta":true,"boss_relics":[{"not_picked":["HoveringKite","Ring of the Serpent"],"picked":"Philosopher\u0027s Stone"}],"items_purged_floors":[2],"is_endless":false,"potions_floor_spawned":[8,14,16],"killed_by":"Colosseum Slavers","ascension_level":20}