{"gold_per_floor":[112,132,132,207,38,38,58,92,117,117,144,15,15,50,50,129,129,139,139,139,63,83,83,114,114,114,164,164,164,174,449,449,526,526,543,191,201,301,301,328,328,359,407,407,422,451,463,475,475,475,475,475,475,7,33,33],"floor_reached":57,"playtime":3989,"items_purged":["Strike_B","Strike_B","Strike_B"],"score":2919,"play_id":"7691c3e8-f283-4f19-a8f9-fc42755bcfd1","local_time":"20190330152845","is_ascension_mode":true,"campfire_choices":[{"floor":6,"key":"REST"},{"data":"Defragment","floor":10,"key":"SMITH"},{"data":"Leap","floor":13,"key":"SMITH"},{"floor":15,"key":"REST"},{"data":"Sunder","floor":23,"key":"SMITH"},{"data":"Defragment","floor":25,"key":"SMITH"},{"data":"Buffer","floor":28,"key":"SMITH"},{"data":"Consume","floor":32,"key":"SMITH"},{"floor":41,"key":"DIG"},{"floor":44,"key":"RECALL"},{"floor":49,"key":"DIG"},{"floor":53,"key":"DIG"}],"neow_cost":"NONE","seed_source_timestamp":9955425805654,"circlet_count":0,"master_deck":["AscendersBane","Strike_B","Defend_B","Defend_B","Defend_B","Defend_B","Zap+1","Dualcast","Rip and Tear","Sweeping Beam","Defragment+1","Leap+1","Electrodynamics+1","Glacier","Coolheaded","Glacier","Defragment+1","Sunder+1","Consume+1","Buffer+1","Doom and Gloom","Conserve Battery+1","Creative AI","Capacitor","All For One","Static Discharge","Coolheaded","Coolheaded","Glacier","Defragment+1","Static Discharge","Capacitor"],"relics":["Cracked Core","Juzu Bracelet","DataDisk","Boot","Anchor","Prayer Wheel","Question Card","Snecko Eye","Omamori","Ancient Tea Set","Fusion Hammer","Art of War","Shovel","Torii","Lantern","Nunchaku","Centennial Puzzle","Letter Opener","Ornamental Fan","DollysMirror","Oddly Smooth Stone"],"potions_floor_usage":[8,33,56,56],"damage_taken":[{"damage":4,"enemies":"Small Slimes","floor":1,"turns":3},{"damage":7,"enemies":"Jaw Worm","floor":2,"turns":2},{"damage":1,"enemies":"Cultist","floor":7,"turns":3},{"damage":6,"enemies":"Gremlin Nob","floor":8,"turns":3},{"damage":15,"enemies":"3 Sentries","floor":11,"turns":5},{"damage":31,"enemies":"Gremlin Nob","floor":14,"turns":4},{"damage":17,"enemies":"Hexaghost","floor":16,"turns":9},{"damage":2,"enemies":"Chosen","floor":18,"turns":4},{"damage":0,"enemies":"Spheric Guardian","floor":22,"turns":5},{"damage":10,"enemies":"Book of Stabbing","floor":24,"turns":6},{"damage":0,"enemies":"Cultist and Chosen","floor":30,"turns":4},{"damage":0,"enemies":"Collector","floor":33,"turns":8},{"damage":0,"enemies":"3 Shapes","floor":35,"turns":3},{"damage":0,"enemies":"3 Darklings","floor":37,"turns":3},{"damage":0,"enemies":"Mind Bloom Boss Battle","floor":38,"turns":8},{"damage":0,"enemies":"Nemesis","floor":40,"turns":15},{"damage":0,"enemies":"Reptomancer","floor":42,"turns":6},{"damage":0,"enemies":"Spire Growth","floor":45,"turns":13},{"damage":0,"enemies":"Giant Head","floor":46,"turns":12},{"damage":0,"enemies":"Jaw Worm Horde","floor":47,"turns":5},{"damage":0,"enemies":"4 Shapes","floor":48,"turns":4},{"damage":9,"enemies":"Awakened One","floor":50,"turns":29},{"damage":9,"enemies":"Time Eater","floor":51,"turns":14},{"damage":8,"enemies":"Shield and Spear","floor":55,"turns":9},{"damage":16,"enemies":"The Heart","floor":56,"turns":12}],"seed_played":"-5305809112984642511","potions_obtained":[{"floor":7,"key":"SteroidPotion"},{"floor":14,"key":"Fire Potion"},{"floor":33,"key":"Fire Potion"},{"floor":38,"key":"Ancient Potion"}],"is_trial":false,"path_per_floor":["M","M","?","?","$","R","M","E","T","R","E","$","R","E","R","B",null,"M","?","?","$","M","R","E","R","T","?","R","?","M","?","R","B",null,"M","$","M","?","?","E","R","E","T","R","M","E","M","M","R","B","B",null,"R","$","E","B",null],"character_chosen":"DEFECT","items_purchased":["DataDisk","Fire Potion","Defragment","Capacitor","Art of War","DollysMirror","PowerPotion","Static Discharge"],"campfire_rested":2,"item_purchase_floors":[5,12,21,36,36,54,54,54],"current_hp_per_floor":[60,53,53,42,42,63,62,56,56,56,41,41,41,10,31,14,57,55,55,55,55,55,55,45,45,45,38,38,38,38,38,38,38,63,63,63,63,63,71,71,71,71,71,71,71,71,71,71,71,62,53,67,67,67,59,43],"gold":33,"neow_bonus":"RANDOM_COMMON_RELIC","is_prod":false,"is_daily":false,"chose_seed":false,"campfire_upgraded":6,"win_rate":0,"timestamp":1553984925,"path_taken":["M","M","?","?","$","R","M","E","T","R","E","$","R","E","R","BOSS","M","?","?","$","M","R","E","R","T","?","R","?","M","?","R","BOSS","M","?","M","?","?","E","R","E","T","R","M","E","M","M","R","BOSS","BOSS","R","$","E","BOSS"],"build_version":"2019-03-15","purchased_purges":3,"victory":true,"max_hp_per_floor":[71,71,71,71,71,71,71,71,71,71,71,71,71,71,71,71,71,71,71,71,71,71,71,71,71,71,71,71,71,71,71,71,71,71,71,71,71,71,71,71,71,71,71,71,71,71,71,71,71,71,71,71,71,71,71,71],"card_choices":[{"not_picked":["Gash","Go for the Eyes"],"picked":"Rip and Tear","floor":1},{"not_picked":["Rebound","Leap"],"picked":"Sweeping Beam","floor":2},{"not_picked":["Reprogram","Skim"],"picked":"Defragment","floor":7},{"not_picked":["Streamline","Barrage","Skim"],"picked":"SKIP","floor":8},{"not_picked":["Go for the Eyes","White Noise"],"picked":"Leap","floor":11},{"not_picked":["Recycle","Storm","Fusion"],"picked":"SKIP","floor":14},{"not_picked":["Seek","All For One","Multi-Cast"],"picked":"Electrodynamics","floor":16},{"not_picked":["Reprogram","Turbo","Compile Driver"],"picked":"Glacier","floor":18},{"not_picked":["Beam Cell","Lockon","Leap"],"picked":"Coolheaded","floor":18},{"not_picked":["Streamline","Turbo","Stack"],"picked":"Sunder","floor":22},{"not_picked":["Stack","Redo","Lockon+1"],"picked":"Consume","floor":22},{"not_picked":["Compile Driver","Gash","Hologram"],"picked":"Buffer","floor":24},{"not_picked":["Compile Driver","Ball Lightning","Chaos"],"picked":"Doom and Gloom","floor":30},{"not_picked":["Turbo","Hologram","Go for the Eyes"],"picked":"Conserve Battery+1","floor":30},{"not_picked":["Reboot","Core Surge","Hyperbeam"],"picked":"Creative AI","floor":33},{"not_picked":["Cold Snap","White Noise+1","Sweeping Beam","Skim"],"picked":"SKIP","floor":35},{"not_picked":["Chaos","Steam+1","Turbo+1","Conserve Battery"],"picked":"SKIP","floor":35},{"not_picked":["Stack","Coolheaded","Rebound+1"],"picked":"All For One","floor":37},{"not_picked":["Scrape+1","Rip and Tear+1","Chaos","Fusion"],"picked":"SKIP","floor":37},{"not_picked":["Hologram","Melter","Barrage"],"picked":"Static Discharge","floor":40},{"not_picked":["Cold Snap+1","Force Field","Sunder+1"],"picked":"Coolheaded","floor":42},{"not_picked":["Turbo","Conserve Battery+1","Barrage+1"],"picked":"Coolheaded","floor":45},{"not_picked":["Barrage","Leap","Gash","Sweeping Beam"],"picked":"SKIP","floor":45},{"not_picked":["Gash","Ball Lightning","Compile Driver","Electrodynamics"],"picked":"SKIP","floor":46},{"not_picked":["Fusion","Go for the Eyes","Genetic Algorithm","Reinforced Body"],"picked":"SKIP","floor":47},{"not_picked":["Go for the Eyes","Scrape+1","Barrage","Sweeping Beam"],"picked":"SKIP","floor":47},{"not_picked":["Compile Driver+1","Beam Cell+1","Fusion"],"picked":"Glacier","floor":48},{"not_picked":["Ball Lightning+1","Steam Power+1","Conserve Battery+1","Hologram"],"picked":"SKIP","floor":48},{"not_picked":["Static Discharge","FTL+1","Ball Lightning+1"],"picked":"Capacitor","floor":55}],"player_experience":5391277,"relics_obtained":[{"floor":8,"key":"Boot"},{"floor":9,"key":"Anchor"},{"floor":11,"key":"Prayer Wheel"},{"floor":14,"key":"Question Card"},{"floor":24,"key":"Omamori"},{"floor":26,"key":"Ancient Tea Set"},{"floor":38,"key":"Shovel"},{"floor":40,"key":"Torii"},{"floor":41,"key":"Lantern"},{"floor":42,"key":"Nunchaku"},{"floor":46,"key":"Centennial Puzzle"},{"floor":49,"key":"Letter Opener"},{"floor":53,"key":"Ornamental Fan"},{"floor":55,"key":"Oddly Smooth Stone"}],"event_choices":[{"damage_healed":0,"gold_gain":0,"player_choice":"Grow","damage_taken":0,"max_hp_gain":0,"max_hp_loss":0,"event_name":"Living Wall","floor":3,"gold_loss":0,"cards_upgraded":["Zap"]},{"damage_healed":0,"gold_gain":75,"player_choice":"Gather Gold","damage_taken":11,"max_hp_gain":0,"max_hp_loss":0,"event_name":"World of Goop","floor":4,"gold_loss":0},{"damage_healed":0,"gold_gain":0,"player_choice":"Upgraded","damage_taken":0,"max_hp_gain":0,"max_hp_loss":0,"event_name":"Upgrade Shrine","floor":19,"gold_loss":0,"cards_upgraded":["Electrodynamics"]},{"damage_healed":0,"gold_gain":0,"player_choice":"Read","damage_taken":0,"max_hp_gain":0,"max_hp_loss":0,"event_name":"The Library","floor":20,"gold_loss":0,"cards_obtained":["Glacier"]},{"damage_healed":0,"gold_gain":50,"player_choice":"Touch","damage_taken":7,"max_hp_gain":0,"max_hp_loss":0,"event_name":"FaceTrader","floor":27,"gold_loss":0},{"damage_healed":0,"gold_gain":0,"player_choice":"Ignored","damage_taken":0,"max_hp_gain":0,"max_hp_loss":0,"event_name":"Ghosts","floor":29,"gold_loss":0},{"damage_healed":0,"gold_gain":275,"player_choice":"Desecrate","damage_taken":0,"max_hp_gain":0,"max_hp_loss":0,"event_name":"Golden Shrine","floor":31,"gold_loss":0,"cards_obtained":["Regret"]},{"damage_healed":0,"gold_gain":0,"player_choice":"Fight","damage_taken":0,"max_hp_gain":0,"max_hp_loss":0,"event_name":"MindBloom","floor":38,"gold_loss":0},{"damage_healed":14,"gold_gain":0,"player_choice":"Writhe","damage_taken":0,"max_hp_gain":0,"max_hp_loss":0,"event_name":"Winding Halls","floor":39,"gold_loss":0,"cards_obtained":["Writhe"]}],"is_beta":true,"boss_relics":[{"not_picked":["Coffee Dripper","Inserter"],"picked":"Snecko Eye"},{"not_picked":["Tiny House","Calling Bell"],"picked":"Fusion Hammer"}],"items_purged_floors":[12,36,54],"is_endless":false,"potions_floor_spawned":[7,14,24,33,37,38,42,45,55],"ascension_level":20}