{"gold_per_floor":[212,5,24,24,42,73,73,102,102,102,102,137,137,156,156,227,227,237,237,26,43,43,73,73,45,113,113,113,142,165,183,183,257,257,277,144,163,173,189,189,205,237,284,284,311,311,311,325,325,325,325,325,325,1,35,35],"floor_reached":57,"playtime":6734,"items_purged":["Strike_G","Strike_G","Strike_G","Infinite Blades"],"score":2782,"play_id":"b2feb395-5ec6-468b-bc7f-85c4ab794e95","local_time":"20190323145952","is_ascension_mode":true,"campfire_choices":[{"floor":7,"key":"REST"},{"floor":10,"key":"REST"},{"data":"Caltrops","floor":13,"key":"SMITH"},{"data":"Crippling Poison","floor":15,"key":"SMITH"},{"data":"Noxious Fumes","floor":24,"key":"SMITH"},{"floor":27,"key":"REST"},{"floor":32,"key":"REST"},{"data":"Footwork","floor":40,"key":"SMITH"},{"data":"Malaise","floor":44,"key":"SMITH"},{"floor":47,"key":"RECALL"},{"data":"Catalyst","floor":49,"key":"SMITH"},{"floor":53,"key":"REST"}],"neow_cost":"NONE","seed_source_timestamp":68792331101919,"circlet_count":0,"master_deck":["AscendersBane","Defend_G","Defend_G+1","Defend_G","Defend_G","Defend_G","Survivor","Neutralize","Dagger Throw","Caltrops+1","Crippling Poison+1","All Out Attack","Corpse Explosion","Poisoned Stab","Die Die Die","Noxious Fumes+1","Malaise+1","Acrobatics","Grand Finale","Reflex+1","Burst","PiercingWail+1","Bullet Time","Footwork+1","Dash","Dash+1","Leg Sweep+1","Crippling Poison","Malaise","Catalyst+1","Concentrate","Caltrops+1"],"relics":["Ring of the Snake","Pen Nib","Tough Bandages","Snake Skull","Mummified Hand","Smiling Mask","Question Card","Snecko Eye","Art of War","Kunai","Pear","Enchiridion","Letter Opener","War Paint","Runic Pyramid","Ginger","Frozen Egg 2","Orichalcum","Toy Ornithopter"],"potions_floor_usage":[6,23,33,55,55],"damage_taken":[{"damage":4,"enemies":"Jaw Worm","floor":1,"turns":7},{"damage":0,"enemies":"Small Slimes","floor":3,"turns":4},{"damage":7,"enemies":"2 Louse","floor":5,"turns":4},{"damage":36,"enemies":"Lagavulin","floor":6,"turns":9},{"damage":10,"enemies":"3 Sentries","floor":8,"turns":3},{"damage":21,"enemies":"Gremlin Nob","floor":12,"turns":4},{"damage":0,"enemies":"Lots of Slimes","floor":14,"turns":1},{"damage":1,"enemies":"Hexaghost","floor":16,"turns":6},{"damage":9,"enemies":"Spheric Guardian","floor":18,"turns":5},{"damage":2,"enemies":"Chosen","floor":21,"turns":5},{"damage":21,"enemies":"Slavers","floor":23,"turns":2},{"damage":3,"enemies":"Gremlin Leader","floor":29,"turns":6},{"damage":7,"enemies":"Sentry and Sphere","floor":31,"turns":4},{"damage":46,"enemies":"Collector","floor":33,"turns":8},{"damage":0,"enemies":"3 Shapes","floor":35,"turns":2},{"damage":0,"enemies":"Orb Walker","floor":37,"turns":3},{"damage":0,"enemies":"Maw","floor":38,"turns":6},{"damage":3,"enemies":"Sphere and 2 Shapes","floor":39,"turns":4},{"damage":0,"enemies":"Transient","floor":41,"turns":6},{"damage":0,"enemies":"Giant Head","floor":42,"turns":7},{"damage":0,"enemies":"Reptomancer","floor":45,"turns":5},{"damage":11,"enemies":"Spire Growth","floor":48,"turns":5},{"damage":2,"enemies":"Donu and Deca","floor":50,"turns":5},{"damage":19,"enemies":"Awakened One","floor":51,"turns":15},{"damage":29,"enemies":"Shield and Spear","floor":55,"turns":7},{"damage":50,"enemies":"The Heart","floor":56,"turns":9}],"seed_played":"-198068050604762414","potions_obtained":[{"floor":8,"key":"Regen Potion"},{"floor":14,"key":"AttackPotion"},{"floor":16,"key":"Fire Potion"},{"floor":23,"key":"LiquidBronze"},{"floor":29,"key":"Strength Potion"},{"floor":31,"key":"FairyPotion"},{"floor":38,"key":"Swift Potion"},{"floor":39,"key":"AttackPotion"}],"is_trial":false,"path_per_floor":["M","$","M","?","M","E","R","E","T","R","T","E","R","M","R","B",null,"M","?","$","M","$","E","R","$","T","R","?","E","T","M","R","B",null,"M","$","M","M","M","R","M","E","T","R","E","?","R","M","R","B","B",null,"R","$","E","B",null],"character_chosen":"THE_SILENT","items_purchased":["Caltrops","Fire Potion","Art of War","PiercingWail","Footwork","Toy Ornithopter","SkillPotion"],"campfire_rested":5,"item_purchase_floors":[2,2,20,25,36,54,54],"current_hp_per_floor":[55,55,55,50,43,7,26,16,16,35,35,14,14,14,14,13,53,44,44,44,42,42,30,30,30,40,62,41,38,38,31,53,7,59,59,59,59,59,56,56,56,56,56,56,56,56,56,45,45,43,24,63,76,76,57,7],"gold":35,"neow_bonus":"HUNDRED_GOLD","is_prod":false,"is_daily":false,"chose_seed":false,"campfire_upgraded":6,"win_rate":0,"timestamp":1553378392,"path_taken":["M","$","M","?","M","E","R","E","T","R","?","E","R","M","R","BOSS","M","?","$","M","?","E","R","?","T","R","?","E","?","M","R","BOSS","M","$","M","?","M","R","M","E","T","R","E","?","R","M","R","BOSS","BOSS","R","$","E","BOSS"],"build_version":"2019-03-15","purchased_purges":4,"victory":true,"max_hp_per_floor":[66,66,66,66,66,66,66,66,66,66,66,66,66,66,66,66,66,66,66,66,66,66,66,66,66,76,76,76,76,76,76,76,76,76,76,76,76,76,76,76,76,76,76,76,76,76,76,76,76,76,76,76,76,76,76,76],"card_choices":[{"not_picked":["Cloak And Dagger","Reflex"],"picked":"Dagger Throw","floor":1},{"not_picked":["Outmaneuver","Accuracy"],"picked":"Crippling Poison","floor":3},{"not_picked":["Sucker Punch","PiercingWail"],"picked":"All Out Attack","floor":5},{"not_picked":["Dagger Spray","Sucker Punch"],"picked":"Corpse Explosion","floor":6},{"not_picked":["Heel Hook","Expertise"],"picked":"Poisoned Stab","floor":8},{"not_picked":["Quick Slash","Bane"],"picked":"Die Die Die","floor":12},{"not_picked":["Poisoned Stab","Dagger Spray","Slice"],"picked":"Noxious Fumes","floor":14},{"not_picked":["Envenom","Burst","Venomology"],"picked":"Malaise","floor":16},{"not_picked":["Flechettes","Deadly Poison","Flying Knee"],"picked":"Acrobatics","floor":18},{"not_picked":["Deflect","Quick Slash","Backflip"],"picked":"Reflex+1","floor":21},{"not_picked":["Flechettes","Deadly Poison+1","Bane"],"picked":"Burst","floor":23},{"not_picked":["Accuracy","Reflex","Noxious Fumes","Blade Dance"],"picked":"SKIP","floor":29},{"not_picked":["Heel Hook","Flying Knee","Backstab","Dagger Throw"],"picked":"SKIP","floor":31},{"not_picked":["Venomology","A Thousand Cuts","Envenom"],"picked":"Bullet Time","floor":33},{"not_picked":["Endless Agony+1","Prepared","Noxious Fumes","Flechettes"],"picked":"SKIP","floor":35},{"not_picked":["Deadly Poison","Slice","Prepared"],"picked":"Dash","floor":37},{"not_picked":["Tactician","Footwork","Accuracy"],"picked":"Dash+1","floor":38},{"not_picked":["Masterful Stab","Dagger Throw+1","Deflect"],"picked":"Leg Sweep+1","floor":39},{"not_picked":["Poisoned Stab+1","Reflex","Cloak And Dagger"],"picked":"Crippling Poison","floor":41},{"not_picked":["Blade Dance","All Out Attack","Deflect"],"picked":"Malaise","floor":42},{"not_picked":["Escape Plan","Flying Knee","Bane"],"picked":"Catalyst","floor":45},{"not_picked":["Bouncing Flask","Underhanded Strike+1","Backflip+1"],"picked":"Concentrate","floor":48},{"not_picked":["Sucker Punch","Finisher+1","Glass Knife"],"picked":"Caltrops+1","floor":55}],"player_experience":5305429,"relics_obtained":[{"floor":6,"key":"Tough Bandages"},{"floor":8,"key":"Snake Skull"},{"floor":9,"key":"Mummified Hand"},{"floor":11,"key":"Smiling Mask"},{"floor":12,"key":"Question Card"},{"floor":23,"key":"Kunai"},{"floor":26,"key":"Pear"},{"floor":28,"key":"Enchiridion"},{"floor":29,"key":"Letter Opener"},{"floor":30,"key":"War Paint"},{"floor":42,"key":"Ginger"},{"floor":45,"key":"Frozen Egg 2"}],"event_choices":[{"damage_healed":0,"gold_gain":0,"player_choice":"Success","damage_taken":5,"relics_obtained":["Pen Nib"],"max_hp_gain":0,"max_hp_loss":0,"event_name":"Scrap Ooze","floor":4,"gold_loss":0},{"damage_healed":0,"gold_gain":0,"cards_transformed":["Strike_G","Strike_G"],"player_choice":"Became Test Subject","damage_taken":0,"max_hp_gain":0,"max_hp_loss":0,"event_name":"Drug Dealer","floor":19,"gold_loss":0,"cards_obtained":["Infinite Blades","Grand Finale"]},{"damage_healed":0,"gold_gain":0,"player_choice":"Obtained Book","damage_taken":21,"max_hp_gain":0,"max_hp_loss":0,"event_name":"Cursed Tome","floor":28,"gold_loss":0},{"damage_healed":0,"gold_gain":0,"player_choice":"Gave Potion","damage_taken":0,"relics_obtained":["Orichalcum"],"max_hp_gain":0,"max_hp_loss":0,"event_name":"WeMeetAgain","floor":46,"gold_loss":0}],"is_beta":true,"boss_relics":[{"not_picked":["White Beast Statue","Ring of the Serpent"],"picked":"Snecko Eye"},{"not_picked":["Eternal Feather","Coffee Dripper"],"picked":"Runic Pyramid"}],"items_purged_floors":[2,20,36,54],"is_endless":false,"potions_floor_spawned":[8,14,16,23,29,31,38,39,41,42],"ascension_level":20}