{"gold_per_floor":[211,211,224,3,23,23,49,64,64,64],"floor_reached":10,"playtime":543,"items_purged":[],"score":136,"play_id":"619dde7a-c78b-468c-b856-6dfc81eba241","local_time":"20190322143948","is_ascension_mode":true,"campfire_choices":[{"data":"Zap","floor":6,"key":"SMITH"}],"neow_cost":"NONE","seed_source_timestamp":151605820251008,"circlet_count":0,"master_deck":["AscendersBane","Strike_B","Strike_B","Strike_B","Strike_B","Defend_B","Defend_B","Defend_B","Defend_B","Zap+1","Dualcast","Go for the Eyes","Defragment","Self Repair","Rip and Tear","Coolheaded"],"relics":["Cracked Core","FaceOfCleric","Darkstone Periapt","Frozen Egg 2"],"potions_floor_usage":[7,7],"damage_taken":[{"damage":19,"enemies":"Small Slimes","floor":1,"turns":5},{"damage":0,"enemies":"Cultist","floor":3,"turns":3},{"damage":7,"enemies":"Jaw Worm","floor":5,"turns":2},{"damage":22,"enemies":"Gremlin Nob","floor":7,"turns":4},{"damage":7,"enemies":"Large Slime","floor":8,"turns":5},{"damage":39,"enemies":"3 Sentries","floor":10,"turns":7}],"seed_played":"-889617093625176467","potions_obtained":[{"floor":1,"key":"Ancient Potion"}],"is_trial":false,"path_per_floor":["M","?","M","$","M","R","E","M","T","E"],"character_chosen":"DEFECT","items_purchased":["Self Repair","FearPotion","Rip and Tear"],"campfire_rested":0,"item_purchase_floors":[4,4,4],"current_hp_per_floor":[45,45,46,46,47,47,33,34,34,0],"gold":64,"neow_bonus":"HUNDRED_GOLD","is_prod":false,"is_daily":false,"chose_seed":false,"campfire_upgraded":1,"win_rate":0,"timestamp":1553290788,"path_taken":["M","?","M","?","M","R","E","M","T","E"],"build_version":"2019-03-15","purchased_purges":0,"victory":false,"max_hp_per_floor":[71,71,72,72,73,73,74,75,75,75],"card_choices":[{"not_picked":["Reprogram","Redo"],"picked":"Go for the Eyes","floor":1},{"not_picked":["Streamline","Ball Lightning"],"picked":"Defragment","floor":3},{"not_picked":["Barrage","Redo","Heatsinks"],"picked":"SKIP","floor":5},{"not_picked":["Fusion","Rebound","Redo"],"picked":"SKIP","floor":7},{"not_picked":["Tempest","Gash"],"picked":"Coolheaded","floor":8}],"player_experience":5294960,"relics_obtained":[{"floor":7,"key":"Darkstone Periapt"},{"floor":9,"key":"Frozen Egg 2"}],"event_choices":[{"damage_healed":0,"gold_gain":0,"player_choice":"Trade","damage_taken":0,"relics_obtained":["FaceOfCleric"],"max_hp_gain":0,"max_hp_loss":0,"event_name":"FaceTrader","floor":2,"gold_loss":0}],"is_beta":true,"boss_relics":[],"items_purged_floors":[],"is_endless":false,"potions_floor_spawned":[1],"killed_by":"3 Sentries","ascension_level":20}