{"gold_per_floor":[115,128,128,128,143,143,171,171,194,212,240,240,240,23,23,98,98,118,118,128,148,88,88,116,116,198,232,232,247,11,27,27,98,98,118,118,118,158,158,158,216,11,11,11,11,48,104,117,117,117],"floor_reached":50,"playtime":3704,"items_purged":["Strike_R","Strike_R"],"score":1142,"play_id":"d8f59ea0-95a3-44a9-92fe-2ff003e380a7","local_time":"20190319134611","is_ascension_mode":true,"campfire_choices":[{"data":"Combust","floor":6,"key":"SMITH"},{"floor":8,"key":"REST"},{"data":"Armaments","floor":13,"key":"SMITH"},{"floor":15,"key":"REST"},{"floor":23,"key":"REST"},{"floor":25,"key":"REST"},{"data":"Inflame","floor":28,"key":"SMITH"},{"data":"Juggernaut","floor":32,"key":"SMITH"},{"floor":40,"key":"REST"},{"floor":45,"key":"RECALL"},{"data":"Spot Weakness","floor":49,"key":"SMITH"}],"neow_cost":"PERCENT_DAMAGE","seed_source_timestamp":181690529153134,"circlet_count":0,"master_deck":["AscendersBane","Strike_R","Strike_R","Strike_R","Defend_R+1","Defend_R","Defend_R","Defend_R+1","Exhume","Combust+1","Armaments+1","Corruption","Offering","Perfected Strike+1","Exhume","Entrench","Inflame+1","Juggernaut+1","Shrug It Off","Impervious","Metallicize+1","HandOfGreed+1","Sword Boomerang+1","Blood for Blood+1","Spot Weakness+1","Disarm"],"relics":["Burning Blood","Happy Flower","The Courier","Ancient Tea Set","Nunchaku","Letter Opener","Snecko Eye","GremlinMask","Mummified Hand","Mercury Hourglass","Juzu Bracelet","Membership Card","Black Star","Meat on the Bone","Dodecahedron","ClockworkSouvenir","Gambling Chip","Potion Belt","Incense Burner"],"potions_floor_usage":[7,16,18,18,33,48],"damage_taken":[{"damage":4,"enemies":"Jaw Worm","floor":1,"turns":5},{"damage":11,"enemies":"Small Slimes","floor":2,"turns":3},{"damage":2,"enemies":"Cultist","floor":5,"turns":4},{"damage":22,"enemies":"3 Sentries","floor":7,"turns":7},{"damage":11,"enemies":"Blue Slaver","floor":10,"turns":4},{"damage":23,"enemies":"Lagavulin","floor":11,"turns":7},{"damage":26,"enemies":"Slime Boss","floor":16,"turns":8},{"damage":10,"enemies":"Shell Parasite","floor":18,"turns":3},{"damage":3,"enemies":"Spheric Guardian","floor":20,"turns":3},{"damage":20,"enemies":"Cultist and Chosen","floor":21,"turns":6},{"damage":32,"enemies":"Slavers","floor":24,"turns":3},{"damage":15,"enemies":"Gremlin Leader","floor":27,"turns":4},{"damage":8,"enemies":"3 Cultists","floor":29,"turns":4},{"damage":8,"enemies":"Snake Plant","floor":31,"turns":4},{"damage":39,"enemies":"Champ","floor":33,"turns":6},{"damage":0,"enemies":"Orb Walker","floor":35,"turns":3},{"damage":18,"enemies":"3 Darklings","floor":38,"turns":5},{"damage":29,"enemies":"Reptomancer","floor":41,"turns":4},{"damage":10,"enemies":"Maw","floor":46,"turns":5},{"damage":15,"enemies":"Giant Head","floor":47,"turns":6},{"damage":11,"enemies":"Writhing Mass","floor":48,"turns":6},{"damage":52,"enemies":"Awakened One","floor":50,"turns":13}],"seed_played":"-156531064500479487","potions_obtained":[{"floor":1,"key":"Fire Potion"},{"floor":2,"key":"SkillPotion"},{"floor":11,"key":"Regen Potion"},{"floor":16,"key":"Energy Potion"},{"floor":21,"key":"AttackPotion"},{"floor":27,"key":"Swift Potion"},{"floor":33,"key":"SkillPotion"},{"floor":46,"key":"SpeedPotion"},{"floor":47,"key":"SpeedPotion"}],"is_trial":false,"path_per_floor":["M","M","?","?","M","R","E","R","T","M","E","?","R","$","R","B",null,"M","?","M","M","$","R","E","R","T","E","R","M","$","M","R","B",null,"M","?","?","M","?","R","E","$","T","?","R","M","E","M","R","B"],"character_chosen":"IRONCLAD","items_purchased":["Letter Opener","Membership Card","Shrug It Off","ClockworkSouvenir","Gambling Chip"],"campfire_rested":5,"item_purchase_floors":[14,30,30,42,42],"current_hp_per_floor":[52,47,47,47,51,51,35,57,57,52,35,12,12,12,34,29,64,60,60,63,49,49,71,45,67,67,58,58,56,56,54,54,21,62,68,58,58,46,46,68,45,45,45,45,45,53,44,51,51,0],"gold":117,"neow_bonus":"THREE_RARE_CARDS","is_prod":false,"is_daily":false,"chose_seed":false,"campfire_upgraded":5,"win_rate":0,"timestamp":1553028371,"path_taken":["M","M","?","?","M","R","E","R","T","?","E","?","R","$","R","BOSS","M","?","M","?","?","R","E","R","T","E","R","M","$","M","R","BOSS","M","?","?","M","?","R","E","$","T","?","R","M","E","M","R","BOSS"],"build_version":"2019-03-15","purchased_purges":2,"victory":false,"max_hp_per_floor":[75,75,75,75,75,75,75,75,75,75,75,75,75,75,75,75,75,75,75,75,75,75,75,75,75,75,75,75,75,75,75,75,75,75,75,75,75,75,75,75,75,75,75,75,75,75,75,75,75,75],"card_choices":[{"not_picked":["Barricade","Berserk"],"picked":"Exhume","floor":0},{"not_picked":["Hemokinesis","Perfected Strike"],"picked":"Combust","floor":1},{"not_picked":["Hemokinesis","Clash"],"picked":"Thunderclap","floor":2},{"not_picked":["Twin Strike","Uppercut"],"picked":"Armaments","floor":5},{"not_picked":["Havoc","Warcry","Thunderclap"],"picked":"SKIP","floor":7},{"not_picked":["Exhume","Bloodletting"],"picked":"Corruption","floor":10},{"not_picked":["Bloodletting","Sentinel"],"picked":"Offering","floor":11},{"not_picked":["Warcry","Flex"],"picked":"Perfected Strike+1","floor":18},{"not_picked":["Evolve","Shrug It Off"],"picked":"Exhume","floor":20},{"not_picked":["Cleave","Anger","Wild Strike"],"picked":"SKIP","floor":21},{"not_picked":["Pommel Strike","Havoc"],"picked":"Entrench","floor":24},{"not_picked":["Headbutt+1","Twin Strike"],"picked":"Inflame","floor":27},{"not_picked":["Wild Strike","Twin Strike"],"picked":"Juggernaut","floor":29},{"not_picked":["Armaments","Thunderclap","Twin Strike"],"picked":"SKIP","floor":31},{"not_picked":["Limit Break","Juggernaut"],"picked":"Impervious","floor":33},{"not_picked":["Perfected Strike","Flex"],"picked":"Metallicize+1","floor":35},{"not_picked":["Jack Of All Trades","Violence"],"picked":"HandOfGreed","floor":36},{"not_picked":["Perfected Strike","True Grit"],"picked":"Sword Boomerang+1","floor":38},{"not_picked":["Metallicize","Immolate","Body Slam+1"],"picked":"SKIP","floor":41},{"not_picked":["Whirlwind+1","Metallicize"],"picked":"Blood for Blood+1","floor":46},{"not_picked":["Combust","Flex"],"picked":"Spot Weakness","floor":47},{"not_picked":["Armaments+1","Seeing Red"],"picked":"Disarm","floor":48}],"player_experience":5242807,"relics_obtained":[{"floor":7,"key":"The Courier"},{"floor":9,"key":"Ancient Tea Set"},{"floor":11,"key":"Nunchaku"},{"floor":24,"key":"Mummified Hand"},{"floor":26,"key":"Mercury Hourglass"},{"floor":27,"key":"Juzu Bracelet"},{"floor":41,"key":"Meat on the Bone"},{"floor":41,"key":"Dodecahedron"},{"floor":47,"key":"Potion Belt"},{"floor":47,"key":"Incense Burner"}],"event_choices":[{"damage_healed":0,"gold_gain":0,"player_choice":"Grow","damage_taken":0,"max_hp_gain":0,"max_hp_loss":0,"event_name":"Living Wall","floor":3,"gold_loss":0,"cards_upgraded":["Bash"]},{"cards_removed":["Thunderclap"],"damage_healed":0,"gold_gain":0,"player_choice":"Gave Card","damage_taken":0,"relics_obtained":["Happy Flower"],"max_hp_gain":0,"max_hp_loss":0,"event_name":"WeMeetAgain","floor":4,"gold_loss":0},{"damage_healed":0,"gold_gain":0,"player_choice":"Entered Light","damage_taken":23,"max_hp_gain":0,"max_hp_loss":0,"event_name":"Shining Light","floor":12,"gold_loss":0,"cards_upgraded":["Defend_R","Defend_R"]},{"damage_healed":0,"gold_gain":0,"player_choice":"Trade","damage_taken":0,"relics_obtained":["GremlinMask"],"max_hp_gain":0,"max_hp_loss":0,"event_name":"FaceTrader","floor":19,"gold_loss":0},{"damage_healed":0,"gold_gain":0,"player_choice":"Memory 3","damage_taken":10,"max_hp_gain":0,"max_hp_loss":0,"event_name":"SensoryStone","floor":36,"gold_loss":0},{"damage_healed":0,"gold_gain":0,"player_choice":"Upgraded","damage_taken":0,"max_hp_gain":0,"max_hp_loss":0,"event_name":"Upgrade Shrine","floor":37,"gold_loss":0,"cards_upgraded":["HandOfGreed"]},{"damage_healed":0,"gold_gain":0,"player_choice":"Ignored","damage_taken":0,"max_hp_gain":0,"max_hp_loss":0,"event_name":"Tomb of Lord Red Mask","floor":39,"gold_loss":0},{"cards_removed":["Bash"],"damage_healed":0,"gold_gain":0,"player_choice":"Removed Attack","damage_taken":0,"max_hp_gain":0,"max_hp_loss":0,"event_name":"Falling","floor":44,"gold_loss":0}],"is_beta":true,"boss_relics":[{"not_picked":["Velvet Choker","Fusion Hammer"],"picked":"Snecko Eye"},{"not_picked":["Coffee Dripper","Eternal Feather"],"picked":"Black Star"}],"items_purged_floors":[22,30],"is_endless":false,"potions_floor_spawned":[1,2,11,16,21,27,33,35,46,47],"killed_by":"Awakened One","ascension_level":20}