{"gold_per_floor":[20,35,35,35,46,46,61,61,61,61,61,94,108,142,142,216,216,236,161,186,203,38,38,65,79,133,133,158,169,185,198,198,269,269,284,384,396,321,321,321,355,355,355,389,389,406,433,447,447,447,447,447,447,6,40,40],"floor_reached":56,"playtime":4887,"items_purged":["Strike_R"],"score":1970,"play_id":"088eac6e-47bb-4450-8f1c-684596ac83ff","local_time":"20190323172140","is_ascension_mode":true,"campfire_choices":[{"data":"Fiend Fire","floor":6,"key":"SMITH"},{"data":"Bash","floor":8,"key":"SMITH"},{"data":"Twin Strike","floor":11,"key":"SMITH"},{"data":"Thunderclap","floor":15,"key":"SMITH"},{"floor":23,"key":"RECALL"},{"floor":27,"key":"REST"},{"floor":32,"key":"REST"},{"floor":40,"key":"REST"},{"floor":45,"key":"REST"},{"floor":49,"key":"REST"},{"floor":53,"key":"REST"}],"neow_cost":"NO_GOLD","seed_source_timestamp":79176723069077,"circlet_count":0,"master_deck":["AscendersBane","Strike_R+1","Strike_R+1","Defend_R","Defend_R","Defend_R","Defend_R","Bash+1","Fiend Fire+1","Armaments","Twin Strike+1","Shrug It Off","Feel No Pain","Demon Form","Flame Barrier","Spot Weakness","Sword Boomerang","Uppercut","Offering","True Grit+1","Shrug It Off+1","Reaper","Flame Barrier","Apotheosis","Dark Shackles","True Grit+1","Heavy Blade","Exhume+1","Barricade","Power Through+1"],"relics":["Burning Blood","Gremlin Horn","Paper Frog","Whetstone","Fusion Hammer","Red Mask","Anchor","Prayer Wheel","Regal Pillow","Ice Cream","Snecko Eye","Magic Flower","Toxic Egg 2","Sundial","Toy Ornithopter","Vajra"],"potions_floor_usage":[16,16,20,21,24,56,56],"damage_taken":[{"damage":2,"enemies":"Jaw Worm","floor":1,"turns":3},{"damage":0,"enemies":"2 Louse","floor":2,"turns":2},{"damage":5,"enemies":"Small Slimes","floor":5,"turns":3},{"damage":7,"enemies":"3 Louse","floor":7,"turns":4},{"damage":31,"enemies":"Gremlin Nob","floor":12,"turns":4},{"damage":0,"enemies":"Exordium Wildlife","floor":13,"turns":4},{"damage":8,"enemies":"3 Sentries","floor":14,"turns":11},{"damage":25,"enemies":"Slime Boss","floor":16,"turns":8},{"damage":0,"enemies":"Chosen","floor":18,"turns":2},{"damage":13,"enemies":"Masked Bandits","floor":20,"turns":4},{"damage":6,"enemies":"Shell Parasite","floor":21,"turns":3},{"damage":35,"enemies":"Slavers","floor":24,"turns":8},{"damage":5,"enemies":"Centurion and Healer","floor":25,"turns":6},{"damage":19,"enemies":"Gremlin Leader","floor":28,"turns":7},{"damage":28,"enemies":"Sentry and Sphere","floor":29,"turns":6},{"damage":36,"enemies":"Snecko","floor":30,"turns":6},{"damage":3,"enemies":"Snake Plant","floor":31,"turns":3},{"damage":26,"enemies":"Champ","floor":33,"turns":9},{"damage":17,"enemies":"3 Darklings","floor":35,"turns":4},{"damage":10,"enemies":"Mind Bloom Boss Battle","floor":36,"turns":4},{"damage":0,"enemies":"Orb Walker","floor":37,"turns":3},{"damage":43,"enemies":"Reptomancer","floor":41,"turns":7},{"damage":42,"enemies":"Giant Head","floor":44,"turns":7},{"damage":10,"enemies":"3 Darklings","floor":46,"turns":5},{"damage":19,"enemies":"Reptomancer","floor":47,"turns":6},{"damage":10,"enemies":"Jaw Worm Horde","floor":48,"turns":4},{"damage":45,"enemies":"Time Eater","floor":50,"turns":10},{"damage":41,"enemies":"Donu and Deca","floor":51,"turns":9},{"damage":70,"enemies":"Shield and Spear","floor":55,"turns":7},{"damage":127,"enemies":"The Heart","floor":56,"turns":8}],"seed_played":"7067097733397407228","potions_obtained":[{"floor":2,"key":"SpeedPotion"},{"floor":5,"key":"Ancient Potion"},{"floor":16,"key":"Swift Potion"},{"floor":20,"key":"EssenceOfSteel"},{"floor":21,"key":"SkillPotion"},{"floor":28,"key":"Strength Potion"},{"floor":36,"key":"Poison Potion"},{"floor":48,"key":"FearPotion"}],"is_trial":false,"path_per_floor":["M","M","?","?","M","R","M","R","T","?","R","E","M","E","R","B",null,"M","?","?","M","$","R","E","M","T","R","E","M","M","M","R","B",null,"M","?","M","$","?","R","E","?","T","E","R","M","E","M","R","B","B",null,"R","$","E","B"],"character_chosen":"IRONCLAD","items_purchased":["Anchor","Reaper","Barricade","Toy Ornithopter","Weak Potion"],"campfire_rested":6,"item_purchase_floors":[22,38,54,54,54],"current_hp_per_floor":[72,75,80,80,80,80,79,79,79,72,72,47,53,51,51,32,68,74,74,67,67,67,67,38,39,39,78,65,43,13,16,55,35,69,58,54,63,63,63,80,64,54,54,53,80,80,80,80,80,80,80,80,80,80,80,0],"gold":40,"neow_bonus":"THREE_RARE_CARDS","is_prod":false,"is_daily":false,"chose_seed":false,"campfire_upgraded":4,"win_rate":0,"timestamp":1553386900,"path_taken":["M","M","?","?","M","R","M","R","T","?","R","E","M","E","R","BOSS","M","?","?","M","$","R","E","M","T","R","E","M","M","?","R","BOSS","M","?","M","$","?","R","E","?","T","E","R","M","E","M","R","BOSS","BOSS","R","$","E","BOSS"],"build_version":"2019-03-15","purchased_purges":1,"victory":false,"max_hp_per_floor":[75,75,80,80,80,80,80,80,80,80,80,80,80,80,80,80,80,80,80,80,80,80,80,80,80,80,80,80,80,80,80,80,80,80,80,80,80,80,80,80,80,80,80,80,80,80,80,80,80,80,80,80,80,80,80,80],"card_choices":[{"not_picked":["Berserk","Dark Embrace"],"picked":"Fiend Fire","floor":0},{"not_picked":["Heavy Blade","Blood for Blood"],"picked":"Armaments","floor":1},{"not_picked":["Cleave","Warcry"],"picked":"Twin Strike","floor":2},{"not_picked":["Havoc","Clash"],"picked":"Shrug It Off","floor":5},{"not_picked":["Wild Strike","Flex","Twin Strike"],"picked":"SKIP","floor":7},{"not_picked":["Headbutt","Flame Barrier"],"picked":"Feel No Pain","floor":12},{"not_picked":["Clash","Ghostly Armor","Twin Strike"],"picked":"SKIP","floor":13},{"not_picked":["Flex","Entrench"],"picked":"Thunderclap","floor":14},{"not_picked":["Dark Embrace","Fiend Fire"],"picked":"Demon Form","floor":16},{"not_picked":["Rupture","Headbutt","Seeing Red"],"picked":"SKIP","floor":18},{"not_picked":["Armaments","Iron Wave"],"picked":"Flame Barrier","floor":20},{"not_picked":["Armaments+1","Fire Breathing","Hemokinesis"],"picked":"SKIP","floor":21},{"not_picked":["Body Slam","Hemokinesis","Juggernaut"],"picked":"SKIP","floor":24},{"not_picked":["Whirlwind","Havoc"],"picked":"Spot Weakness","floor":25},{"not_picked":["Twin Strike","Sever Soul","Feel No Pain"],"picked":"SKIP","floor":25},{"not_picked":["Twin Strike","Sever Soul","Feel No Pain"],"picked":"SKIP","floor":25},{"not_picked":["Dual Wield","Sentinel","Spot Weakness"],"picked":"SKIP","floor":28},{"not_picked":["Rage","Sentinel"],"picked":"Sword Boomerang","floor":29},{"not_picked":["Pommel Strike","Rage","Armaments"],"picked":"SKIP","floor":29},{"not_picked":["Ghostly Armor","Rampage"],"picked":"Uppercut","floor":30},{"not_picked":["Fire Breathing+1","Entrench","Cleave"],"picked":"SKIP","floor":30},{"not_picked":["Headbutt","Twin Strike","Second Wind"],"picked":"SKIP","floor":31},{"not_picked":["Second Wind","Cleave","Ghostly Armor"],"picked":"SKIP","floor":31},{"not_picked":["Double Tap","Limit Break"],"picked":"Offering","floor":33},{"not_picked":["Intimidate+1","Battle Trance+1"],"picked":"True Grit+1","floor":35},{"not_picked":["Twin Strike","Flex"],"picked":"Shrug It Off+1","floor":35},{"not_picked":["Shrug It Off","Seeing Red+1","Dropkick+1"],"picked":"SKIP","floor":37},{"not_picked":["Infernal Blade","True Grit+1","Second Wind+1"],"picked":"SKIP","floor":37},{"not_picked":["Anger","Pummel+1"],"picked":"Flame Barrier","floor":41},{"not_picked":["Blind","Dramatic Entrance"],"picked":"Apotheosis","floor":42},{"not_picked":["Panache","Madness"],"picked":"Dark Shackles","floor":42},{"not_picked":["Twin Strike","Anger"],"picked":"True Grit","floor":44},{"not_picked":["Whirlwind","Iron Wave+1"],"picked":"Heavy Blade","floor":46},{"not_picked":["Perfected Strike","Flex+1","Havoc+1"],"picked":"SKIP","floor":46},{"not_picked":["Body Slam","Havoc+1","Flex+1"],"picked":"SKIP","floor":47},{"not_picked":["Pommel Strike","Flex+1"],"picked":"Exhume+1","floor":48},{"not_picked":["Anger","Warcry+1","Evolve+1"],"picked":"SKIP","floor":48},{"not_picked":["Anger","Warcry+1","Evolve+1"],"picked":"SKIP","floor":48},{"not_picked":["Clash","Blood for Blood"],"picked":"Power Through+1","floor":55}],"player_experience":5315352,"relics_obtained":[{"floor":9,"key":"Gremlin Horn"},{"floor":12,"key":"Paper Frog"},{"floor":14,"key":"Whetstone"},{"floor":20,"key":"Red Mask"},{"floor":24,"key":"Prayer Wheel"},{"floor":26,"key":"Regal Pillow"},{"floor":28,"key":"Ice Cream"},{"floor":36,"key":"Magic Flower"},{"floor":44,"key":"Toxic Egg 2"},{"floor":47,"key":"Sundial"},{"floor":55,"key":"Vajra"}],"event_choices":[{"damage_healed":0,"gold_gain":0,"player_choice":"Donut","damage_taken":0,"max_hp_gain":5,"max_hp_loss":0,"event_name":"Big Fish","floor":3,"gold_loss":0},{"damage_healed":0,"gold_gain":0,"player_choice":"Leave","damage_taken":0,"max_hp_gain":0,"max_hp_loss":0,"event_name":"The Cleric","floor":4,"gold_loss":0},{"cards_removed":["Strike_R"],"damage_healed":0,"gold_gain":0,"player_choice":"Card Removal","damage_taken":7,"max_hp_gain":0,"max_hp_loss":0,"event_name":"Golden Wing","floor":10,"gold_loss":0},{"cards_removed":["Strike_R"],"damage_healed":0,"gold_gain":0,"player_choice":"Gave Gold","damage_taken":0,"max_hp_gain":0,"max_hp_loss":0,"event_name":"Beggar","floor":19,"gold_loss":75},{"damage_healed":0,"gold_gain":0,"player_choice":"Fought Bandits","damage_taken":0,"max_hp_gain":0,"max_hp_loss":0,"event_name":"Masked Bandits","floor":20,"gold_loss":0},{"damage_healed":0,"gold_gain":0,"player_choice":"Fight","damage_taken":0,"max_hp_gain":0,"max_hp_loss":0,"event_name":"MindBloom","floor":36,"gold_loss":0},{"cards_removed":["Thunderclap"],"damage_healed":0,"gold_gain":0,"player_choice":"Removed Attack","damage_taken":0,"max_hp_gain":0,"max_hp_loss":0,"event_name":"Falling","floor":39,"gold_loss":0},{"damage_healed":0,"gold_gain":0,"player_choice":"Memory 3","damage_taken":10,"max_hp_gain":0,"max_hp_loss":0,"event_name":"SensoryStone","floor":42,"gold_loss":0}],"is_beta":true,"boss_relics":[{"not_picked":["Coffee Dripper","Busted Crown"],"picked":"Fusion Hammer"},{"not_picked":["Tiny House","Cursed Key"],"picked":"Snecko Eye"}],"items_purged_floors":[54],"is_endless":false,"potions_floor_spawned":[2,5,13,16,20,21,28,36,37,44,48],"killed_by":"The Heart","ascension_level":20}