{"gold_per_floor":[114,24,34,34,48,48,64,93,118,133,161,161,196,90,90,167,167,182,132,151,65,82,82,97,97,97,97,17,17,46,63,63,140,140,155,13,113,129,140,174,187,205,205,205,0,12,12,24,24,24,24,24,24,24,56,56],"floor_reached":56,"playtime":4493,"items_purged":["Strike_R","Strike_R","Strike_R","Defend_R"],"score":1988,"play_id":"0fb7e9ad-e5bf-446d-add9-28a39db6a8ec","local_time":"20190329144629","is_ascension_mode":true,"campfire_choices":[{"data":"Inflame","floor":6,"key":"SMITH"},{"data":"True Grit","floor":12,"key":"SMITH"},{"data":"Immolate","floor":15,"key":"SMITH"},{"data":"Battle Trance","floor":23,"key":"SMITH"},{"data":"Limit Break","floor":25,"key":"SMITH"},{"floor":27,"key":"REST"},{"data":"True Grit","floor":32,"key":"SMITH"},{"floor":44,"key":"REST"},{"floor":47,"key":"RECALL"},{"floor":49,"key":"REST"},{"floor":53,"key":"REST"}],"neow_cost":"NONE","seed_source_timestamp":139489710904562,"circlet_count":0,"master_deck":["AscendersBane","Defend_R","Defend_R","Defend_R","Bash+1","Spot Weakness","Inflame+1","Battle Trance+1","Sword Boomerang","Immolate+1","True Grit+1","Spot Weakness","True Grit+1","Limit Break+1","Thunderclap","Metallicize+1","Battle Trance","Flame Barrier","Sword Boomerang","Bloodletting+1","Offering","Disarm","Dark Shackles","Battle Trance+1","Shockwave","Feel No Pain+1","Reaper"],"relics":["Burning Blood","Centennial Puzzle","Smiling Mask","Pen Nib","Frozen Egg 2","Empty Cage","Letter Opener","Boot","Fusion Hammer","Torii","Dodecahedron","Red Mask","Bottled Lightning"],"potions_floor_usage":[8,11,11,13,30,30,40,42,42,48,55],"damage_taken":[{"damage":12,"enemies":"Small Slimes","floor":1,"turns":5},{"damage":1,"enemies":"Cultist","floor":3,"turns":3},{"damage":3,"enemies":"2 Louse","floor":5,"turns":3},{"damage":9,"enemies":"Blue Slaver","floor":7,"turns":4},{"damage":37,"enemies":"Gremlin Nob","floor":8,"turns":4},{"damage":0,"enemies":"Large Slime","floor":10,"turns":3},{"damage":0,"enemies":"Lagavulin","floor":11,"turns":6},{"damage":12,"enemies":"3 Sentries","floor":13,"turns":3},{"damage":0,"enemies":"Slime Boss","floor":16,"turns":3},{"damage":15,"enemies":"Spheric Guardian","floor":18,"turns":5},{"damage":12,"enemies":"Chosen","floor":20,"turns":3},{"damage":19,"enemies":"Snake Plant","floor":22,"turns":4},{"damage":24,"enemies":"3 Cultists","floor":24,"turns":4},{"damage":14,"enemies":"Book of Stabbing","floor":30,"turns":3},{"damage":6,"enemies":"Centurion and Healer","floor":31,"turns":6},{"damage":32,"enemies":"Champ","floor":33,"turns":7},{"damage":7,"enemies":"3 Shapes","floor":35,"turns":2},{"damage":9,"enemies":"Mind Bloom Boss Battle","floor":37,"turns":4},{"damage":1,"enemies":"3 Darklings","floor":38,"turns":2},{"damage":6,"enemies":"Jaw Worm Horde","floor":39,"turns":1},{"damage":53,"enemies":"Giant Head","floor":40,"turns":6},{"damage":4,"enemies":"Writhing Mass","floor":41,"turns":6},{"damage":7,"enemies":"Spire Growth","floor":42,"turns":4},{"damage":5,"enemies":"Jaw Worm Horde","floor":46,"turns":3},{"damage":26,"enemies":"Transient","floor":48,"turns":6},{"damage":79,"enemies":"Awakened One","floor":50,"turns":10},{"damage":51,"enemies":"Time Eater","floor":51,"turns":10},{"damage":57,"enemies":"Shield and Spear","floor":55,"turns":5},{"damage":120,"enemies":"The Heart","floor":56,"turns":8}],"seed_played":"6358815902210187415","potions_obtained":[{"floor":1,"key":"Swift Potion"},{"floor":8,"key":"SpeedPotion"},{"floor":10,"key":"Ancient Potion"},{"floor":11,"key":"SkillPotion"},{"floor":16,"key":"Weak Potion"},{"floor":18,"key":"PowerPotion"},{"floor":31,"key":"AttackPotion"},{"floor":33,"key":"EssenceOfSteel"},{"floor":39,"key":"SteroidPotion"},{"floor":41,"key":"SkillPotion"},{"floor":42,"key":"Poison Potion"},{"floor":46,"key":"PowerPotion"}],"is_trial":false,"path_per_floor":["M","$","M","?","M","R","M","E","T","M","E","R","E","$","R","B",null,"M","?","M","$","M","R","M","R","T","R","$","?","E","M","R","B",null,"M","$","?","M","M","E","M","M","T","R","?","M","R","M","R","B","B",null,"R","$","E","B"],"character_chosen":"IRONCLAD","items_purchased":["Inflame","PowerPotion","Metallicize+1","Sword Boomerang","Dark Shackles"],"campfire_rested":4,"item_purchase_floors":[2,14,21,28,36],"current_hp_per_floor":[69,69,74,74,77,77,74,43,43,49,55,55,49,49,49,55,75,66,66,60,60,47,47,29,29,29,53,53,53,45,45,45,19,66,65,65,62,67,67,20,22,21,21,45,45,46,46,45,69,56,82,82,82,82,82,0],"gold":56,"neow_bonus":"TEN_PERCENT_HP_BONUS","is_prod":false,"is_daily":false,"chose_seed":false,"campfire_upgraded":6,"win_rate":0,"timestamp":1553895989,"path_taken":["M","$","M","?","M","R","?","E","T","M","E","R","E","$","R","BOSS","M","?","M","?","M","R","M","R","T","R","$","?","E","M","R","BOSS","M","$","?","M","M","E","M","M","T","R","?","M","R","M","R","BOSS","BOSS","R","$","E","BOSS"],"build_version":"2019-03-15","purchased_purges":4,"victory":false,"max_hp_per_floor":[82,82,82,82,82,82,82,82,82,82,82,82,82,82,82,82,82,82,82,82,82,82,82,82,82,82,82,82,82,82,82,82,82,82,82,82,82,82,82,82,82,82,82,82,82,82,82,82,82,82,82,82,82,82,82,82],"card_choices":[{"not_picked":["Entrench","Blood for Blood"],"picked":"Spot Weakness","floor":1},{"not_picked":["Flex","Body Slam"],"picked":"Battle Trance","floor":3},{"not_picked":["Clothesline","Body Slam"],"picked":"Sword Boomerang","floor":5},{"not_picked":["Flex","Rupture","Twin Strike"],"picked":"SKIP","floor":7},{"not_picked":["Pommel Strike","True Grit"],"picked":"Immolate","floor":8},{"not_picked":["Pummel","Pommel Strike"],"picked":"True Grit","floor":10},{"not_picked":["Clash","Demon Form"],"picked":"Spot Weakness","floor":11},{"not_picked":["Uppercut","Searing Blow"],"picked":"True Grit","floor":13},{"not_picked":["Fiend Fire","Bludgeon"],"picked":"Limit Break","floor":16},{"not_picked":["Twin Strike","Body Slam+1","Sever Soul"],"picked":"SKIP","floor":18},{"not_picked":["Rampage","Clash"],"picked":"Thunderclap","floor":20},{"not_picked":["Thunderclap+1","Headbutt"],"picked":"Battle Trance","floor":22},{"not_picked":["Sword Boomerang","Sentinel"],"picked":"Flame Barrier","floor":24},{"not_picked":["Carnage+1","Seeing Red"],"picked":"Bloodletting+1","floor":30},{"not_picked":["Wild Strike","Twin Strike","Clash"],"picked":"SKIP","floor":31},{"not_picked":["Bludgeon","Double Tap"],"picked":"Offering","floor":33},{"not_picked":["Sword Boomerang+1","Clothesline"],"picked":"Disarm","floor":35},{"not_picked":["Inflame+1","Dropkick"],"picked":"Battle Trance+1","floor":37},{"not_picked":["Power Through","Warcry","Clash"],"picked":"SKIP","floor":38},{"not_picked":["Sword Boomerang","Cleave","Infernal Blade"],"picked":"SKIP","floor":39},{"not_picked":["Pummel+1","Clothesline"],"picked":"Shockwave","floor":40},{"not_picked":["Dual Wield","Clothesline"],"picked":"Feel No Pain+1","floor":41},{"not_picked":["Body Slam","Dropkick","Sword Boomerang"],"picked":"SKIP","floor":42},{"not_picked":["Pummel","Second Wind"],"picked":"Reaper","floor":46},{"not_picked":["Anger+1","Sentinel","Heavy Blade"],"picked":"SKIP","floor":48},{"not_picked":["Anger","Clash+1","Perfected Strike"],"picked":"SKIP","floor":55}],"player_experience":5365015,"relics_obtained":[{"floor":8,"key":"Centennial Puzzle"},{"floor":9,"key":"Smiling Mask"},{"floor":11,"key":"Pen Nib"},{"floor":13,"key":"Frozen Egg 2"},{"floor":26,"key":"Letter Opener"},{"floor":30,"key":"Boot"},{"floor":37,"key":"Torii"},{"floor":40,"key":"Dodecahedron"},{"floor":55,"key":"Bottled Lightning"}],"event_choices":[{"damage_healed":0,"gold_gain":0,"player_choice":"Upgraded","damage_taken":0,"max_hp_gain":0,"max_hp_loss":0,"event_name":"Upgrade Shrine","floor":4,"gold_loss":0,"cards_upgraded":["Bash"]},{"damage_healed":0,"gold_gain":0,"player_choice":"Bet on Murderer","damage_taken":0,"max_hp_gain":0,"max_hp_loss":0,"event_name":"The Joust","floor":19,"gold_loss":50},{"damage_healed":0,"gold_gain":0,"player_choice":"0 cards matched","damage_taken":0,"max_hp_gain":0,"max_hp_loss":0,"event_name":"Match and Keep!","floor":29,"gold_loss":0,"cards_obtained":[]},{"damage_healed":0,"gold_gain":0,"player_choice":"Fight","damage_taken":0,"max_hp_gain":0,"max_hp_loss":0,"event_name":"MindBloom","floor":37,"gold_loss":0},{"damage_healed":0,"gold_gain":0,"player_choice":"Paid","damage_taken":0,"relics_obtained":["Red Mask"],"max_hp_gain":0,"max_hp_loss":0,"event_name":"Tomb of Lord Red Mask","floor":45,"gold_loss":205}],"is_beta":true,"boss_relics":[{"not_picked":["Black Blood","Coffee Dripper"],"picked":"Empty Cage"},{"not_picked":["Runic Dome","Eternal Feather"],"picked":"Fusion Hammer"}],"items_purged_floors":[14,21,28,36],"is_endless":false,"potions_floor_spawned":[1,8,10,11,16,18,20,31,33,37,39,41,42,46],"killed_by":"The Heart","ascension_level":20}