{"gold_per_floor":[112,128,143,143,143,143,168,185,239,239,266,266,285,296,296,373,373,389,389,389,399,415,415,515,532,532,532,128,141,141,167,167,246,246,264,314,314,333,433,433,445,480,548,548,561,451,267,292,292,292,292,292,292,64,95,95],"floor_reached":57,"playtime":4597,"items_purged":["Decay","Strike_B+1"],"score":2655,"play_id":"0385ba08-7c63-4733-9eda-927ffab1bad5","local_time":"20190319124351","is_ascension_mode":true,"campfire_choices":[{"data":"Zap","floor":6,"key":"SMITH"},{"data":"Ball Lightning","floor":10,"key":"SMITH"},{"floor":12,"key":"REST"},{"data":"Cold Snap","floor":15,"key":"SMITH"},{"floor":23,"key":"REST"},{"floor":27,"key":"REST"},{"floor":30,"key":"REST"},{"data":"Biased Cognition","floor":32,"key":"SMITH"},{"data":"Biased Cognition","floor":40,"key":"SMITH"},{"floor":44,"key":"RECALL"},{"data":"Chill","floor":49,"key":"SMITH"},{"floor":53,"key":"REST"}],"neow_cost":"NONE","seed_source_timestamp":177037419563222,"circlet_count":0,"master_deck":["AscendersBane","Defend_B+1","Defend_B+1","Defend_B+1","Defend_B+1","Zap+1","Dualcast","Cold Snap+1","Ball Lightning+1","Genetic Algorithm","Gash","Echo Form","Biased Cognition+1","Doom and Gloom+1","Coolheaded","Barrage+1","Glacier","Sweeping Beam+1","Flash of Steel+1","Capacitor","Echo Form","Biased Cognition+1","Recycle+1","Sunder+1","Electrodynamics+1","Genetic Algorithm","Biased Cognition","Chill+1"],"relics":["Cracked Core","Cables","Centennial Puzzle","Oddly Smooth Stone","Cursed Key","Dead Branch","Molten Egg 2","OrangePellets","Bottled Tornado","Astrolabe","Mango","Girya","Kunai","The Courier","Dodecahedron","Anchor"],"potions_floor_usage":[7,7,16,21,24,25,56,56],"damage_taken":[{"damage":1,"enemies":"Cultist","floor":1,"turns":3},{"damage":0,"enemies":"2 Louse","floor":2,"turns":2},{"damage":0,"enemies":"Small Slimes","floor":3,"turns":2},{"damage":37,"enemies":"3 Sentries","floor":7,"turns":8},{"damage":2,"enemies":"Exordium Wildlife","floor":8,"turns":5},{"damage":28,"enemies":"Gremlin Nob","floor":11,"turns":4},{"damage":0,"enemies":"2 Fungi Beasts","floor":13,"turns":2},{"damage":6,"enemies":"Red Slaver","floor":14,"turns":3},{"damage":14,"enemies":"Hexaghost","floor":16,"turns":8},{"damage":15,"enemies":"3 Byrds","floor":18,"turns":4},{"damage":8,"enemies":"Shell Parasite","floor":21,"turns":4},{"damage":11,"enemies":"Cultist and Chosen","floor":22,"turns":7},{"damage":9,"enemies":"Colosseum Slavers","floor":24,"turns":4},{"damage":8,"enemies":"Colosseum Nobs","floor":24,"turns":4},{"damage":9,"enemies":"Snake Plant","floor":25,"turns":4},{"damage":9,"enemies":"Snecko","floor":29,"turns":3},{"damage":9,"enemies":"Slavers","floor":31,"turns":4},{"damage":1,"enemies":"Collector","floor":33,"turns":7},{"damage":9,"enemies":"Orb Walker","floor":35,"turns":3},{"damage":20,"enemies":"2 Orb Walkers","floor":36,"turns":5},{"damage":0,"enemies":"3 Shapes","floor":38,"turns":5},{"damage":0,"enemies":"Mind Bloom Boss Battle","floor":39,"turns":4},{"damage":0,"enemies":"Transient","floor":41,"turns":6},{"damage":0,"enemies":"Nemesis","floor":42,"turns":9},{"damage":0,"enemies":"3 Darklings","floor":45,"turns":2},{"damage":9,"enemies":"Reptomancer","floor":48,"turns":6},{"damage":2,"enemies":"Awakened One","floor":50,"turns":8},{"damage":11,"enemies":"Donu and Deca","floor":51,"turns":5},{"damage":26,"enemies":"Shield and Spear","floor":55,"turns":5},{"damage":10,"enemies":"The Heart","floor":56,"turns":10}],"seed_played":"6212383218469647689","potions_obtained":[{"floor":0,"key":"Dexterity Potion"},{"floor":0,"key":"Regen Potion"},{"floor":8,"key":"Dexterity Potion"},{"floor":11,"key":"GamblersBrew"},{"floor":18,"key":"EssenceOfSteel"},{"floor":24,"key":"Weak Potion"},{"floor":31,"key":"SpeedPotion"},{"floor":35,"key":"GamblersBrew"}],"is_trial":false,"path_per_floor":["M","M","M","?","?","R","E","M","T","R","E","R","M","M","R","B",null,"M","?","?","M","M","R","?","M","T","R","$","M","R","E","R","B",null,"M","?","?","M","?","R","M","E","T","R","M","?","$","E","R","B","B",null,"R","$","E","B",null],"character_chosen":"DEFECT","items_purchased":["OrangePellets","Flash of Steel+1","Chill","Dodecahedron"],"campfire_rested":5,"item_purchase_floors":[28,28,47,54],"current_hp_per_floor":[63,63,63,68,68,68,46,44,44,44,16,38,38,32,32,18,62,47,47,47,39,28,50,33,24,24,46,46,37,59,50,50,49,69,60,54,54,54,54,54,54,54,54,54,54,54,54,45,45,43,32,76,90,90,64,54],"gold":95,"neow_bonus":"THREE_SMALL_POTIONS","is_prod":false,"is_daily":false,"chose_seed":false,"campfire_upgraded":6,"win_rate":0,"timestamp":1553024631,"path_taken":["M","?","M","?","?","R","E","?","T","R","E","R","M","M","R","BOSS","M","?","?","M","M","R","?","M","T","R","$","M","R","E","R","BOSS","M","?","?","M","?","R","M","E","T","R","M","?","$","E","R","BOSS","BOSS","R","$","E","BOSS"],"build_version":"2019-03-15","purchased_purges":2,"victory":true,"max_hp_per_floor":[71,71,71,76,76,76,76,76,76,76,76,76,76,76,76,76,76,76,76,76,76,76,76,76,76,76,76,76,76,76,76,76,76,76,76,90,90,90,90,90,90,90,90,90,90,90,90,90,90,90,90,90,90,90,90,90],"card_choices":[{"not_picked":["Coolheaded","Gash"],"picked":"Cold Snap","floor":1},{"not_picked":["Beam Cell","Storm"],"picked":"Ball Lightning","floor":2},{"not_picked":["Turbo","Go for the Eyes"],"picked":"Genetic Algorithm","floor":3},{"not_picked":["Go for the Eyes","Turbo"],"picked":"White Noise","floor":7},{"not_picked":["Rebound","Go for the Eyes","Force Field"],"picked":"SKIP","floor":8},{"not_picked":["Sweeping Beam","Blizzard"],"picked":"Gash","floor":11},{"not_picked":["Melter","Coolheaded"],"picked":"Echo Form","floor":13},{"not_picked":["Rebound","Redo","Stack"],"picked":"SKIP","floor":14},{"not_picked":["All For One","Multi-Cast"],"picked":"Biased Cognition","floor":16},{"not_picked":["Gash","Darkness+1"],"picked":"Doom and Gloom","floor":18},{"not_picked":["Undo","Hologram"],"picked":"Coolheaded","floor":21},{"not_picked":["Melter","White Noise"],"picked":"Barrage+1","floor":22},{"not_picked":["Biased Cognition","Compile Driver"],"picked":"Glacier","floor":24},{"not_picked":["Steam","Cold Snap+1"],"picked":"Sweeping Beam+1","floor":25},{"not_picked":["Steam Power","Coolheaded"],"picked":"Capacitor","floor":29},{"not_picked":["Aggregate","Coolheaded"],"picked":"Echo Form","floor":31},{"not_picked":["Electrodynamics","Hyperbeam+1"],"picked":"Biased Cognition","floor":33},{"not_picked":["Auto Shields+1","Defragment","Barrage+1"],"picked":"SKIP","floor":35},{"not_picked":["Double Energy","Blizzard+1"],"picked":"Genetic Algorithm","floor":38},{"not_picked":["Sweeping Beam+1","Storm","Gash+1"],"picked":"SKIP","floor":41},{"not_picked":["Gash+1","Rebound+1","Compile Driver+1"],"picked":"SKIP","floor":42},{"not_picked":["Consume","Turbo"],"picked":"Biased Cognition","floor":45},{"not_picked":["Defragment","Rebound+1","Streamline+1"],"picked":"SKIP","floor":48},{"not_picked":["Reinforced Body","Sweeping Beam+1","Hologram"],"picked":"SKIP","floor":55}],"player_experience":5238210,"relics_obtained":[{"floor":7,"key":"Cables"},{"floor":9,"key":"Centennial Puzzle"},{"floor":11,"key":"Oddly Smooth Stone"},{"floor":24,"key":"Dead Branch"},{"floor":24,"key":"Molten Egg 2"},{"floor":31,"key":"Bottled Tornado"},{"floor":36,"key":"Mango"},{"floor":39,"key":"Girya"},{"floor":42,"key":"Kunai"},{"floor":48,"key":"The Courier"},{"floor":55,"key":"Anchor"}],"event_choices":[{"damage_healed":0,"gold_gain":0,"player_choice":"Donut","damage_taken":0,"max_hp_gain":5,"max_hp_loss":0,"event_name":"Big Fish","floor":4,"gold_loss":0},{"damage_healed":0,"gold_gain":0,"player_choice":"Cursed","damage_taken":0,"max_hp_gain":0,"max_hp_loss":0,"event_name":"Wheel of Change","floor":5,"gold_loss":0,"cards_obtained":["Decay"]},{"damage_healed":0,"gold_gain":0,"player_choice":"Ignored","damage_taken":0,"max_hp_gain":0,"max_hp_loss":0,"event_name":"The Mausoleum","floor":19,"gold_loss":0},{"damage_healed":0,"gold_gain":0,"player_choice":"Simplicity","damage_taken":0,"max_hp_gain":0,"max_hp_loss":0,"event_name":"Back to Basics","floor":20,"gold_loss":0,"cards_upgraded":["Strike_B","Strike_B","Strike_B","Strike_B","Defend_B","Defend_B","Defend_B","Defend_B"]},{"damage_healed":0,"gold_gain":0,"player_choice":"Fight","damage_taken":0,"max_hp_gain":0,"max_hp_loss":0,"event_name":"Colosseum","floor":24,"gold_loss":0},{"damage_healed":0,"gold_gain":0,"player_choice":"Fought Nobs","damage_taken":0,"max_hp_gain":0,"max_hp_loss":0,"event_name":"Colosseum","floor":24,"gold_loss":0},{"damage_healed":0,"gold_gain":0,"player_choice":"Fight","damage_taken":0,"max_hp_gain":0,"max_hp_loss":0,"event_name":"Mysterious Sphere","floor":36,"gold_loss":0},{"cards_removed":["White Noise"],"damage_healed":0,"gold_gain":0,"player_choice":"Removed Skill","damage_taken":0,"max_hp_gain":0,"max_hp_loss":0,"event_name":"Falling","floor":37,"gold_loss":0},{"damage_healed":0,"gold_gain":0,"player_choice":"Fight","damage_taken":0,"max_hp_gain":0,"max_hp_loss":0,"event_name":"MindBloom","floor":39,"gold_loss":0},{"cards_removed":["Shame"],"damage_healed":0,"gold_gain":0,"player_choice":"Upgrade and Remove","damage_taken":0,"max_hp_gain":0,"max_hp_loss":0,"event_name":"Designer","floor":46,"gold_loss":110,"cards_upgraded":["Doom and Gloom"]}],"is_beta":true,"boss_relics":[{"not_picked":["Lizard Tail","Calling Bell"],"picked":"Cursed Key"},{"not_picked":["Coffee Dripper","Pandora\u0027s Box"],"picked":"Astrolabe"}],"items_purged_floors":[28,47],"is_endless":false,"potions_floor_spawned":[2,8,11,13,14,18,24,31,35,41,45],"ascension_level":20}