{"gold_per_floor":[118,118,6,24,40,40,75,75,101,116,155,305,341,100,100,196,196,219,219,235,254,275,275,310,310,386,457,376,376,88,88,88,178,178,199,213,274,1273,1273,1273,1273,177,204,204,248,248,287,301,301,301,301,301,301,39,70,70],"floor_reached":57,"playtime":3411,"items_purged":["Strike_R","Strike_R","Strike_R","Normality"],"score":2799,"play_id":"f395456a-f9d3-4e6a-a3b7-b87de6237459","local_time":"20190330163502","is_ascension_mode":true,"campfire_choices":[{"data":"Bash","floor":6,"key":"SMITH"},{"data":"Hemokinesis","floor":8,"key":"SMITH"},{"data":"Inflame","floor":15,"key":"SMITH"},{"floor":23,"key":"REST"},{"floor":25,"key":"REST"},{"floor":32,"key":"REST"},{"data":"Limit Break","floor":40,"key":"SMITH"},{"floor":41,"key":"REST"},{"floor":44,"key":"RECALL"},{"floor":49,"key":"REST"},{"data":"Feel No Pain","floor":53,"key":"SMITH"}],"neow_cost":"NONE","seed_source_timestamp":14476120025340,"circlet_count":0,"master_deck":["AscendersBane","Strike_R","Strike_R","Defend_R","Defend_R","Defend_R","Defend_R","Bash+1","Inflame+1","Offering","Shrug It Off","Flame Barrier","Sword Boomerang","Immolate","True Grit","Offering","Feel No Pain+1","Anger+1","Feel No Pain+1","Headbutt","Battle Trance","Immolate","Limit Break+1","Evolve+1","Dark Shackles","Flash of Steel","Exhume","Shockwave"],"relics":["Burning Blood","Golden Idol","Omamori","Regal Pillow","Bottled Tornado","Red Skull","Black Star","Ice Cream","Centennial Puzzle","Dodecahedron","Frozen Egg 2","Strawberry","Tiny Chest","Nilry\u0027s Codex","OrangePellets","Busted Crown","WingedGreaves","Meat on the Bone","Gremlin Horn","TheAbacus","Pantograph","Sundial","Calipers","Potion Belt","Self Forming Clay","Dead Branch"],"potions_floor_usage":[5,7,11,16,16,24,33,33,37,37,55,56,56,56],"damage_taken":[{"damage":5,"enemies":"2 Louse","floor":1,"turns":4},{"damage":4,"enemies":"Small Slimes","floor":4,"turns":3},{"damage":6,"enemies":"Jaw Worm","floor":5,"turns":4},{"damage":37,"enemies":"Lagavulin","floor":7,"turns":7},{"damage":11,"enemies":"Red Slaver","floor":10,"turns":4},{"damage":14,"enemies":"Gremlin Nob","floor":11,"turns":3},{"damage":23,"enemies":"3 Sentries","floor":13,"turns":4},{"damage":19,"enemies":"Hexaghost","floor":16,"turns":6},{"damage":16,"enemies":"2 Thieves","floor":18,"turns":2},{"damage":15,"enemies":"3 Byrds","floor":20,"turns":3},{"damage":6,"enemies":"Snecko","floor":21,"turns":3},{"damage":12,"enemies":"Centurion and Healer","floor":22,"turns":4},{"damage":37,"enemies":"Slavers","floor":24,"turns":3},{"damage":41,"enemies":"Gremlin Leader","floor":27,"turns":5},{"damage":47,"enemies":"Collector","floor":33,"turns":9},{"damage":23,"enemies":"3 Darklings","floor":35,"turns":2},{"damage":12,"enemies":"Orb Walker","floor":36,"turns":2},{"damage":31,"enemies":"2 Orb Walkers","floor":37,"turns":3},{"damage":7,"enemies":"Reptomancer","floor":45,"turns":4},{"damage":16,"enemies":"Nemesis","floor":47,"turns":5},{"damage":25,"enemies":"Writhing Mass","floor":48,"turns":6},{"damage":42,"enemies":"Time Eater","floor":50,"turns":8},{"damage":69,"enemies":"Donu and Deca","floor":51,"turns":8},{"damage":41,"enemies":"Shield and Spear","floor":55,"turns":6},{"damage":52,"enemies":"The Heart","floor":56,"turns":7}],"seed_played":"-6868136684205173305","potions_obtained":[{"floor":0,"key":"LiquidBronze"},{"floor":0,"key":"EssenceOfSteel"},{"floor":5,"key":"Swift Potion"},{"floor":10,"key":"SteroidPotion"},{"floor":20,"key":"Dexterity Potion"},{"floor":21,"key":"Dexterity Potion"},{"floor":33,"key":"Poison Potion"},{"floor":35,"key":"AttackPotion"},{"floor":48,"key":"PowerPotion"}],"is_trial":false,"path_per_floor":["M","?","$","M","M","R","E","R","T","M","E","?","E","$","R","B",null,"M","?","M","M","M","R","E","R","T","E","$","?","$","?","R","B",null,"M","M","?","?","?","R","R","$","T","R","E","?","E","M","R","B","B",null,"R","$","E","B",null],"character_chosen":"IRONCLAD","items_purchased":["Inflame","True Grit","Regen Potion","Immolate","OrangePellets","PowerPotion","Meat on the Bone","Gremlin Horn","Exhume","Strength Potion","TheAbacus","Shockwave","SteroidPotion","Dexterity Potion"],"campfire_rested":5,"item_purchase_floors":[3,14,14,28,30,30,42,42,42,42,42,42,54,54],"current_hp_per_floor":[69,68,68,68,68,68,37,37,37,32,24,24,7,7,7,9,53,43,43,34,34,28,63,32,67,67,39,39,18,18,18,55,14,60,43,37,12,12,2,2,39,39,39,39,50,50,52,45,75,51,24,62,62,62,39,30],"gold":70,"neow_bonus":"THREE_SMALL_POTIONS","is_prod":false,"is_daily":false,"chose_seed":false,"campfire_upgraded":5,"win_rate":0,"timestamp":1553988902,"path_taken":["M","?","$","M","M","R","E","R","T","M","E","?","E","$","R","BOSS","M","?","?","M","?","R","E","R","T","E","$","?","$","?","R","BOSS","M","M","?","?","?","R","R","$","T","R","E","?","E","M","R","BOSS","BOSS","R","$","E","BOSS"],"build_version":"2019-03-15","purchased_purges":4,"victory":true,"max_hp_per_floor":[75,68,68,68,68,68,68,68,68,68,68,68,68,68,68,68,68,68,68,68,68,68,68,68,68,68,75,75,75,75,75,75,75,75,75,75,75,75,75,75,75,75,75,75,75,75,75,75,75,75,75,75,75,75,75,75],"card_choices":[{"not_picked":["Dropkick","Armaments"],"picked":"Hemokinesis","floor":1},{"not_picked":["Anger","Thunderclap"],"picked":"Offering","floor":4},{"not_picked":["Clash","Whirlwind"],"picked":"Shrug It Off","floor":5},{"not_picked":["Iron Wave","Headbutt"],"picked":"Flame Barrier","floor":7},{"not_picked":["Cleave","Headbutt"],"picked":"Sword Boomerang","floor":10},{"not_picked":["Entrench","Shockwave"],"picked":"Immolate","floor":11},{"not_picked":["Carnage","Searing Blow","Iron Wave"],"picked":"SKIP","floor":13},{"not_picked":["Barricade","Immolate"],"picked":"Offering","floor":16},{"not_picked":["Warcry+1","Havoc"],"picked":"Feel No Pain+1","floor":18},{"not_picked":["Thunderclap+1","Cleave"],"picked":"Anger+1","floor":20},{"not_picked":["Ghostly Armor","Pommel Strike","Flex"],"picked":"SKIP","floor":21},{"not_picked":["Armaments","Flex+1"],"picked":"Feel No Pain","floor":22},{"not_picked":["Wild Strike","Heavy Blade"],"picked":"Headbutt","floor":24},{"not_picked":["Perfected Strike","Exhume"],"picked":"Battle Trance","floor":27},{"not_picked":["Dark Embrace+1","Immolate"],"picked":"Limit Break","floor":33},{"not_picked":[],"picked":"Evolve+1","floor":35},{"not_picked":["Wild Strike"],"picked":"SKIP","floor":36},{"not_picked":[],"picked":"Dark Shackles","floor":39},{"not_picked":[],"picked":"Flash of Steel","floor":39},{"not_picked":["Perfected Strike+1"],"picked":"SKIP","floor":45},{"not_picked":["Pommel Strike"],"picked":"SKIP","floor":47},{"not_picked":["Sentinel"],"picked":"SKIP","floor":48},{"not_picked":["Pommel Strike"],"picked":"SKIP","floor":55}],"player_experience":5395266,"relics_obtained":[{"floor":7,"key":"Omamori"},{"floor":9,"key":"Regal Pillow"},{"floor":11,"key":"Bottled Tornado"},{"floor":13,"key":"Red Skull"},{"floor":24,"key":"Centennial Puzzle"},{"floor":24,"key":"Dodecahedron"},{"floor":26,"key":"Frozen Egg 2"},{"floor":27,"key":"Strawberry"},{"floor":27,"key":"Tiny Chest"},{"floor":29,"key":"Nilry\u0027s Codex"},{"floor":37,"key":"WingedGreaves"},{"floor":45,"key":"Pantograph"},{"floor":45,"key":"Sundial"},{"floor":47,"key":"Calipers"},{"floor":47,"key":"Potion Belt"},{"floor":55,"key":"Self Forming Clay"},{"floor":55,"key":"Dead Branch"}],"event_choices":[{"damage_healed":0,"gold_gain":0,"player_choice":"Lose Max HP","damage_taken":0,"relics_obtained":["Golden Idol"],"max_hp_gain":0,"max_hp_loss":7,"event_name":"Golden Idol","floor":2,"gold_loss":0},{"damage_healed":0,"gold_gain":150,"player_choice":"AGREE","damage_taken":0,"max_hp_gain":0,"max_hp_loss":0,"event_name":"Liars Game","floor":12,"gold_loss":0,"cards_obtained":["Doubt"]},{"cards_removed":["Hemokinesis"],"damage_healed":0,"gold_gain":0,"player_choice":"Gave Card","damage_taken":0,"relics_obtained":["Ice Cream"],"max_hp_gain":0,"max_hp_loss":0,"event_name":"WeMeetAgain","floor":19,"gold_loss":0},{"damage_healed":0,"gold_gain":0,"player_choice":"Obtained Book","damage_taken":21,"max_hp_gain":0,"max_hp_loss":0,"event_name":"Cursed Tome","floor":29,"gold_loss":0},{"damage_healed":0,"gold_gain":0,"player_choice":"Ignored","damage_taken":0,"max_hp_gain":0,"max_hp_loss":0,"event_name":"Vampires","floor":31,"gold_loss":0},{"damage_healed":0,"gold_gain":0,"player_choice":"Fight","damage_taken":0,"max_hp_gain":0,"max_hp_loss":0,"event_name":"Mysterious Sphere","floor":37,"gold_loss":0},{"damage_healed":0,"gold_gain":999,"player_choice":"Gold","damage_taken":0,"max_hp_gain":0,"max_hp_loss":0,"event_name":"MindBloom","floor":38,"gold_loss":0,"cards_obtained":["Normality","Normality"]},{"damage_healed":0,"gold_gain":0,"player_choice":"Memory 3","damage_taken":10,"max_hp_gain":0,"max_hp_loss":0,"event_name":"SensoryStone","floor":39,"gold_loss":0},{"damage_healed":0,"gold_gain":0,"player_choice":"Ignored","damage_taken":0,"max_hp_gain":0,"max_hp_loss":0,"event_name":"Tomb of Lord Red Mask","floor":46,"gold_loss":0}],"is_beta":true,"boss_relics":[{"not_picked":["Orrery","Tiny House"],"picked":"Black Star"},{"not_picked":["Runic Dome","Pandora\u0027s Box"],"picked":"Busted Crown"}],"items_purged_floors":[3,14,42,54],"is_endless":false,"potions_floor_spawned":[4,5,10,20,21,33,35,48],"ascension_level":20}