{"gold_per_floor":[216,216,230,245,263,263,289,289,363,398,673,194,194,221,221,298,298,318,32,49,63,82,82,107,107,161,201,45,65,98,110,110,187,187,204,14,14,14],"floor_reached":38,"playtime":3348,"items_purged":["Regret","Strike_B"],"score":929,"play_id":"7906ee45-6588-4eab-8200-0aec3eb38cce","local_time":"20190320132126","is_ascension_mode":true,"campfire_choices":[{"data":"Zap","floor":6,"key":"SMITH"},{"data":"Darkness","floor":8,"key":"SMITH"},{"floor":13,"key":"REST"},{"floor":15,"key":"REST"},{"data":"Apotheosis","floor":23,"key":"SMITH"},{"data":"Coolheaded","floor":25,"key":"SMITH"},{"floor":32,"key":"RECALL"}],"neow_cost":"NONE","seed_source_timestamp":266961387715726,"circlet_count":0,"master_deck":["AscendersBane","Strike_B","Strike_B","Strike_B","Defend_B","Defend_B","Defend_B","Defend_B","Zap+1","Dualcast","Doom and Gloom+1","Darkness+1","Hologram","Undo","Capacitor","Apotheosis+1","Cold Snap+1","Multi-Cast","Reinforced Body+1","Coolheaded+1","Compile Driver","Clumsy","Defragment","Skim","Reprogram","Echo Form","Glacier+1","Loop","Panacea"],"relics":["Cracked Core","WingedGreaves","Strawberry","Ancient Tea Set","PreservedInsect","Whetstone","Cursed Key","Meat on the Bone","Boot","MawBank","Ornamental Fan","Anchor","Bottled Lightning","Nuclear Battery"],"potions_floor_usage":[5,10,16,24,27,27,30,38,38],"damage_taken":[{"damage":7,"enemies":"Jaw Worm","floor":1,"turns":3},{"damage":1,"enemies":"Cultist","floor":3,"turns":4},{"damage":0,"enemies":"2 Louse","floor":4,"turns":2},{"damage":10,"enemies":"Lots of Slimes","floor":5,"turns":4},{"damage":10,"enemies":"Lagavulin","floor":7,"turns":5},{"damage":31,"enemies":"Gremlin Nob","floor":10,"turns":4},{"damage":21,"enemies":"3 Sentries","floor":14,"turns":6},{"damage":11,"enemies":"The Guardian","floor":16,"turns":9},{"damage":12,"enemies":"Chosen","floor":18,"turns":7},{"damage":16,"enemies":"Shell Parasite","floor":20,"turns":6},{"damage":13,"enemies":"Snake Plant","floor":21,"turns":3},{"damage":3,"enemies":"Centurion and Healer","floor":22,"turns":8},{"damage":11,"enemies":"Gremlin Leader","floor":24,"turns":5},{"damage":20,"enemies":"Slavers","floor":27,"turns":5},{"damage":5,"enemies":"3 Cultists","floor":29,"turns":5},{"damage":14,"enemies":"Gremlin Leader","floor":30,"turns":5},{"damage":2,"enemies":"Snake Plant","floor":31,"turns":5},{"damage":14,"enemies":"Champ","floor":33,"turns":11},{"damage":1,"enemies":"3 Darklings","floor":35,"turns":5},{"damage":71,"enemies":"2 Orb Walkers","floor":38,"turns":6}],"seed_played":"-2978967184183288442","potions_obtained":[{"floor":3,"key":"SteroidPotion"},{"floor":7,"key":"Swift Potion"},{"floor":14,"key":"SteroidPotion"},{"floor":16,"key":"SpeedPotion"},{"floor":20,"key":"Swift Potion"},{"floor":24,"key":"EntropicBrew"},{"floor":27,"key":"Weak Potion"},{"floor":31,"key":"SpeedPotion"}],"is_trial":false,"path_per_floor":["M","?","M","M","M","R","E","R","T","E","?","$","R","E","R","B",null,"M","$","M","M","M","R","E","R","T","E","$","M","E","M","R","B",null,"M","$","?","?"],"character_chosen":"DEFECT","items_purchased":["PreservedInsect","Apotheosis","Cold Snap","Meat on the Bone","Anchor","Loop"],"campfire_rested":2,"item_purchase_floors":[12,12,12,19,28,36],"current_hp_per_floor":[57,57,56,56,46,46,43,43,43,12,12,12,35,14,37,26,65,53,53,49,48,45,45,46,46,46,38,38,45,43,41,41,39,68,67,67,57,0],"gold":14,"neow_bonus":"HUNDRED_GOLD","is_prod":false,"is_daily":false,"chose_seed":false,"campfire_upgraded":4,"win_rate":0,"timestamp":1553113286,"path_taken":["M","?","M","M","?","R","E","R","T","E","?","$","R","E","R","BOSS","M","$","M","M","M","R","E","R","T","E","$","M","E","M","R","BOSS","M","$","?","?"],"build_version":"2019-03-15","purchased_purges":2,"victory":false,"max_hp_per_floor":[71,71,71,71,71,71,78,78,78,78,78,78,78,78,78,78,78,78,78,78,78,78,78,78,78,78,78,78,78,78,78,78,78,78,78,78,78,78],"card_choices":[{"not_picked":["White Noise","Redo"],"picked":"Gash","floor":1},{"not_picked":["Hello World","Go for the Eyes"],"picked":"Doom and Gloom","floor":3},{"not_picked":["Blizzard","Streamline"],"picked":"Darkness","floor":4},{"not_picked":["Doom and Gloom","Turbo"],"picked":"Hologram","floor":5},{"not_picked":["White Noise","Melter"],"picked":"Undo","floor":7},{"not_picked":["White Noise","Machine Learning"],"picked":"Capacitor","floor":10},{"not_picked":["Fusion","Double Energy","Lockon"],"picked":"SKIP","floor":14},{"not_picked":["Amplify","All For One"],"picked":"Multi-Cast","floor":16},{"not_picked":["Streamline","Melter"],"picked":"Reinforced Body+1","floor":18},{"not_picked":["Rip and Tear","Rebound+1"],"picked":"Coolheaded","floor":20},{"not_picked":["Redo","Rebound+1","Lockon"],"picked":"SKIP","floor":21},{"not_picked":["Leap","Creative AI","Steam"],"picked":"SKIP","floor":22},{"not_picked":["Ball Lightning","Gash"],"picked":"Compile Driver","floor":24},{"not_picked":["Lockon","Force Field+1"],"picked":"Defragment","floor":27},{"not_picked":["Steam","Aggregate","Hologram"],"picked":"SKIP","floor":29},{"not_picked":["Hologram","Sweeping Beam"],"picked":"Skim","floor":30},{"not_picked":["Rip and Tear","Redo+1"],"picked":"Reprogram","floor":31},{"not_picked":["Electrodynamics","Multi-Cast"],"picked":"Echo Form","floor":33},{"not_picked":["Reinforced Body","Undo"],"picked":"Glacier+1","floor":35},{"not_picked":["Panache","Enlightenment"],"picked":"Panacea","floor":37}],"player_experience":5264318,"relics_obtained":[{"floor":7,"key":"Strawberry"},{"floor":10,"key":"Ancient Tea Set"},{"floor":14,"key":"Whetstone"},{"floor":24,"key":"Boot"},{"floor":26,"key":"MawBank"},{"floor":27,"key":"Ornamental Fan"},{"floor":30,"key":"Bottled Lightning"}],"event_choices":[{"cards_removed":["Gash"],"damage_healed":0,"gold_gain":0,"player_choice":"Gave Card","damage_taken":0,"relics_obtained":["WingedGreaves"],"max_hp_gain":0,"max_hp_loss":0,"event_name":"WeMeetAgain","floor":2,"gold_loss":0},{"damage_healed":0,"gold_gain":275,"player_choice":"Desecrate","damage_taken":0,"max_hp_gain":0,"max_hp_loss":0,"event_name":"Golden Shrine","floor":11,"gold_loss":0,"cards_obtained":["Regret"]},{"damage_healed":0,"gold_gain":0,"player_choice":"Memory 3","damage_taken":10,"max_hp_gain":0,"max_hp_loss":0,"event_name":"SensoryStone","floor":37,"gold_loss":0},{"damage_healed":0,"gold_gain":0,"player_choice":"Fight","damage_taken":0,"max_hp_gain":0,"max_hp_loss":0,"event_name":"Mysterious Sphere","floor":38,"gold_loss":0}],"is_beta":true,"boss_relics":[{"not_picked":["Calling Bell","Eternal Feather"],"picked":"Cursed Key"},{"not_picked":["Fusion Hammer","Empty Cage"],"picked":"Nuclear Battery"}],"items_purged_floors":[12,36],"is_endless":false,"potions_floor_spawned":[3,7,14,16,20,24,27,31,33],"killed_by":"2 Orb Walkers","ascension_level":20}