{"gold_per_floor":[16,26,26,45,45,45,45,45,68,102,112,141,141,154,154,229,229,241,81,93,106,106,106,131,131,211,211,236,68,68,97,97,172,172,185,185,202,202,253,253,282,300,300,400,400],"floor_reached":45,"playtime":2861,"items_purged":["Strike_R"],"score":1014,"play_id":"a630990e-c826-48eb-88a0-7e930d62401a","local_time":"20190329162446","is_ascension_mode":true,"campfire_choices":[{"data":"Uppercut","floor":6,"key":"SMITH"},{"data":"Bludgeon","floor":8,"key":"SMITH"},{"data":"Disarm","floor":13,"key":"SMITH"},{"data":"Anger","floor":15,"key":"SMITH"},{"data":"Fiend Fire","floor":23,"key":"SMITH"},{"data":"Metallicize","floor":25,"key":"SMITH"},{"data":"True Grit","floor":30,"key":"SMITH"},{"data":"Burning Pact","floor":32,"key":"SMITH"},{"data":"Spot Weakness","floor":40,"key":"SMITH"}],"neow_cost":"NO_GOLD","seed_source_timestamp":147016036892968,"circlet_count":0,"master_deck":["AscendersBane","Strike_R","Strike_R","Defend_R","Defend_R","Defend_R","Defend_R","Bash","Anger+1","Disarm+1","Uppercut+1","Bludgeon+1","Metallicize+1","Battle Trance","Fiend Fire+1","Burning Pact+1","Clothesline+1","Burning Pact+1","True Grit+1","Shrug It Off+1","Impervious","Spot Weakness+1","Disarm","Spot Weakness"],"relics":["Burning Blood","Centennial Puzzle","Ice Cream","Lantern","Velvet Choker","Dream Catcher","Gremlin Horn","Juzu Bracelet","Bronze Scales","Pantograph","Runic Cube","Torii","Boot","Ginger"],"potions_floor_usage":[11,28,45],"damage_taken":[{"damage":10,"enemies":"2 Louse","floor":1,"turns":2},{"damage":0,"enemies":"Cultist","floor":2,"turns":4},{"damage":17,"enemies":"Jaw Worm","floor":4,"turns":4},{"damage":22,"enemies":"3 Sentries","floor":10,"turns":7},{"damage":17,"enemies":"Gremlin Gang","floor":11,"turns":6},{"damage":8,"enemies":"Gremlin Nob","floor":12,"turns":3},{"damage":0,"enemies":"Large Slime","floor":14,"turns":3},{"damage":6,"enemies":"The Guardian","floor":16,"turns":11},{"damage":0,"enemies":"Chosen","floor":18,"turns":2},{"damage":8,"enemies":"2 Thieves","floor":20,"turns":2},{"damage":31,"enemies":"Shelled Parasite and Fungi","floor":21,"turns":4},{"damage":5,"enemies":"Book of Stabbing","floor":24,"turns":2},{"damage":9,"enemies":"Gremlin Leader","floor":28,"turns":3},{"damage":21,"enemies":"Slavers","floor":31,"turns":3},{"damage":20,"enemies":"Champ","floor":33,"turns":13},{"damage":0,"enemies":"3 Shapes","floor":35,"turns":6},{"damage":0,"enemies":"Orb Walker","floor":37,"turns":3},{"damage":28,"enemies":"2 Orb Walkers","floor":39,"turns":3},{"damage":50,"enemies":"Nemesis","floor":41,"turns":7},{"damage":1,"enemies":"Spire Growth","floor":42,"turns":3},{"damage":0,"enemies":"Mind Bloom Boss Battle","floor":44,"turns":6},{"damage":68,"enemies":"Giant Head","floor":45,"turns":7}],"seed_played":"3442829423754037259","potions_obtained":[{"floor":2,"key":"EssenceOfSteel"},{"floor":4,"key":"SteroidPotion"},{"floor":12,"key":"Ancient Potion"},{"floor":20,"key":"Strength Potion"},{"floor":28,"key":"Poison Potion"},{"floor":33,"key":"Swift Potion"},{"floor":39,"key":"LiquidBronze"}],"is_trial":false,"path_per_floor":["M","M","?","M","?","R","?","R","T","E","M","E","R","M","R","B",null,"M","$","M","M","?","R","E","R","T","$","E","$","R","E","R","B",null,"M","?","M","?","?","R","E","M","T","?","E"],"character_chosen":"IRONCLAD","items_purchased":["Burning Pact","Bronze Scales"],"campfire_rested":0,"item_purchase_floors":[19,29],"current_hp_per_floor":[78,84,84,73,66,66,66,66,66,50,39,37,37,43,43,43,78,84,84,82,57,57,57,58,58,58,58,55,55,55,40,40,51,80,86,86,89,84,62,62,18,23,23,54,0],"gold":400,"neow_bonus":"TWENTY_PERCENT_HP_BONUS","is_prod":false,"is_daily":false,"chose_seed":false,"campfire_upgraded":9,"win_rate":0,"timestamp":1553901886,"path_taken":["M","M","?","M","?","R","?","R","T","E","?","E","R","?","R","BOSS","M","?","M","M","?","R","E","R","T","?","E","$","R","E","R","BOSS","M","?","M","?","?","R","E","M","T","?","E"],"build_version":"2019-03-15","purchased_purges":1,"victory":false,"max_hp_per_floor":[89,89,89,89,89,89,89,89,89,89,89,89,89,89,89,89,89,89,89,89,89,89,89,89,89,89,89,89,89,89,89,89,89,89,89,89,89,89,89,89,89,89,89,89,89],"card_choices":[{"not_picked":["Flex","Fire Breathing"],"picked":"Anger","floor":1},{"not_picked":["True Grit","Warcry"],"picked":"Disarm","floor":2},{"not_picked":["Perfected Strike","Cleave"],"picked":"Uppercut","floor":4},{"not_picked":["Heavy Blade","Bloodletting"],"picked":"Metallicize","floor":10},{"not_picked":["Combust","Blood for Blood","Warcry"],"picked":"SKIP","floor":11},{"not_picked":["Sentinel","Corruption"],"picked":"Battle Trance","floor":12},{"not_picked":["Blood for Blood","Dark Embrace","Twin Strike"],"picked":"SKIP","floor":14},{"not_picked":["Demon Form","Brutality"],"picked":"Fiend Fire","floor":16},{"not_picked":["Perfected Strike+1","Clothesline","Thunderclap"],"picked":"SKIP","floor":18},{"not_picked":["Sword Boomerang","Burning Pact"],"picked":"Clothesline+1","floor":20},{"not_picked":["Uppercut","Reckless Charge"],"picked":"Burning Pact+1","floor":21},{"not_picked":["Fire Breathing","Metallicize+1","Cleave"],"picked":"SKIP","floor":24},{"not_picked":["Reckless Charge","Thunderclap"],"picked":"True Grit","floor":28},{"not_picked":["Corruption","Rage"],"picked":"Shrug It Off+1","floor":31},{"not_picked":["Fiend Fire","Demon Form"],"picked":"Impervious","floor":33},{"not_picked":["Twin Strike+1","True Grit","Anger"],"picked":"SKIP","floor":35},{"not_picked":["Cleave","Uppercut"],"picked":"Spot Weakness","floor":37},{"not_picked":["Dual Wield","Heavy Blade"],"picked":"Disarm","floor":41},{"not_picked":["Reckless Charge","Iron Wave","True Grit"],"picked":"SKIP","floor":42},{"not_picked":["Intimidate","Double Tap"],"picked":"Spot Weakness","floor":44}],"player_experience":5372473,"relics_obtained":[{"floor":9,"key":"Centennial Puzzle"},{"floor":10,"key":"Ice Cream"},{"floor":12,"key":"Lantern"},{"floor":24,"key":"Dream Catcher"},{"floor":26,"key":"Gremlin Horn"},{"floor":28,"key":"Juzu Bracelet"},{"floor":31,"key":"Pantograph"},{"floor":39,"key":"Torii"},{"floor":41,"key":"Boot"},{"floor":44,"key":"Ginger"}],"event_choices":[{"damage_healed":0,"gold_gain":0,"player_choice":"Ignored","damage_taken":0,"max_hp_gain":0,"max_hp_loss":0,"event_name":"Liars Game","floor":3,"gold_loss":0},{"cards_removed":["Strike_R"],"damage_healed":0,"gold_gain":0,"player_choice":"Card Removal","damage_taken":7,"max_hp_gain":0,"max_hp_loss":0,"event_name":"Golden Wing","floor":5,"gold_loss":0},{"damage_healed":0,"gold_gain":0,"cards_transformed":["Strike_R"],"player_choice":"Transformed","damage_taken":0,"max_hp_gain":0,"max_hp_loss":0,"event_name":"Transmorgrifier","floor":7,"gold_loss":0,"cards_obtained":["Bludgeon"]},{"damage_healed":0,"gold_gain":0,"player_choice":"Ignored","damage_taken":0,"max_hp_gain":0,"max_hp_loss":0,"event_name":"The Mausoleum","floor":22,"gold_loss":0},{"damage_healed":0,"gold_gain":0,"player_choice":"Ignored","damage_taken":0,"max_hp_gain":0,"max_hp_loss":0,"event_name":"Tomb of Lord Red Mask","floor":36,"gold_loss":0},{"damage_healed":0,"gold_gain":0,"player_choice":"Bought 0 Potions","damage_taken":0,"max_hp_gain":0,"max_hp_loss":0,"event_name":"The Woman in Blue","floor":38,"gold_loss":0},{"damage_healed":0,"gold_gain":0,"player_choice":"Fight","damage_taken":0,"max_hp_gain":0,"max_hp_loss":0,"event_name":"Mysterious Sphere","floor":39,"gold_loss":0},{"damage_healed":0,"gold_gain":0,"player_choice":"Fight","damage_taken":0,"max_hp_gain":0,"max_hp_loss":0,"event_name":"MindBloom","floor":44,"gold_loss":0}],"is_beta":true,"boss_relics":[{"not_picked":["Orrery","Astrolabe"],"picked":"Velvet Choker"},{"not_picked":["Calling Bell","Mark of Pain"],"picked":"Runic Cube"}],"items_purged_floors":[19],"is_endless":false,"potions_floor_spawned":[2,4,12,16,20,24,28,33,35,39],"killed_by":"Giant Head","ascension_level":20}