{"gold_per_floor":[111,8,8,21,21,47,66,91,114,114,17,45,45,60,60,133,133,146,146,146,162,87,115,115,130,130,20,31,47,47,73,73,144,144,161,175,225,238,249,284,300,333,333,333,145,180,180,210,210,210,210,210,210,82,110,110],"floor_reached":56,"playtime":4561,"items_purged":["Strike_G","Strike_G"],"score":2496,"play_id":"3640f63d-4e0b-44b7-953f-81cf20fe42f8","local_time":"20190327140321","is_ascension_mode":true,"campfire_choices":[{"floor":10,"key":"REST"},{"data":"Finisher","floor":13,"key":"SMITH"},{"data":"Well Laid Plans","floor":15,"key":"SMITH"},{"floor":24,"key":"REST"},{"floor":30,"key":"REST"},{"data":"Footwork","floor":32,"key":"SMITH"},{"data":"Noxious Fumes","floor":44,"key":"SMITH"},{"floor":49,"key":"RECALL"},{"floor":53,"key":"REST"}],"neow_cost":"NONE","seed_source_timestamp":67903681628729,"circlet_count":0,"master_deck":["AscendersBane","Defend_G","Defend_G","Defend_G","Defend_G","Defend_G","Strike_G+1","Survivor","Neutralize+1","Well Laid Plans+1","Deadly Poison","Footwork+1","Dash","Cloak And Dagger","Footwork","Finisher+1","Corpse Explosion","Necronomicurse","Dodge and Roll","Dodge and Roll","Dash","Leg Sweep+1","Footwork+1","Malaise","Riddle With Holes","PiercingWail+1","Noxious Fumes+1","Escape Plan+1","Backflip+1","Caltrops+1","Calculated Gamble","Caltrops+1","Dodge and Roll+1"],"relics":["Ring of the Snake","Centennial Puzzle","PreservedInsect","Bronze Scales","Oddly Smooth Stone","Cursed Key","Necronomicon","Bag of Preparation","Omamori","Sozu","Ornamental Fan","Frozen Egg 2","Dodecahedron","Lantern","Pear"],"potions_floor_usage":[4,6,6,6,6,12,14,16,16,56,56],"damage_taken":[{"damage":4,"enemies":"Small Slimes","floor":1,"turns":5},{"damage":0,"enemies":"Jaw Worm","floor":4,"turns":6},{"damage":16,"enemies":"Gremlin Nob","floor":6,"turns":4},{"damage":0,"enemies":"Cultist","floor":7,"turns":4},{"damage":12,"enemies":"3 Sentries","floor":8,"turns":15},{"damage":16,"enemies":"Gremlin Nob","floor":12,"turns":4},{"damage":0,"enemies":"Looter","floor":14,"turns":5},{"damage":17,"enemies":"Slime Boss","floor":16,"turns":10},{"damage":0,"enemies":"3 Byrds","floor":18,"turns":3},{"damage":3,"enemies":"Spheric Guardian","floor":21,"turns":4},{"damage":28,"enemies":"Gremlin Leader","floor":23,"turns":6},{"damage":0,"enemies":"3 Cultists","floor":25,"turns":3},{"damage":1,"enemies":"Snake Plant","floor":28,"turns":4},{"damage":0,"enemies":"Snecko","floor":29,"turns":6},{"damage":0,"enemies":"Book of Stabbing","floor":31,"turns":5},{"damage":0,"enemies":"Collector","floor":33,"turns":12},{"damage":0,"enemies":"Orb Walker","floor":35,"turns":5},{"damage":0,"enemies":"3 Darklings","floor":36,"turns":8},{"damage":0,"enemies":"Maw","floor":38,"turns":9},{"damage":0,"enemies":"Writhing Mass","floor":39,"turns":11},{"damage":0,"enemies":"Nemesis","floor":40,"turns":7},{"damage":0,"enemies":"4 Shapes","floor":41,"turns":6},{"damage":0,"enemies":"Reptomancer","floor":42,"turns":11},{"damage":0,"enemies":"Giant Head","floor":46,"turns":9},{"damage":0,"enemies":"Nemesis","floor":48,"turns":9},{"damage":18,"enemies":"Time Eater","floor":50,"turns":17},{"damage":0,"enemies":"Donu and Deca","floor":51,"turns":8},{"damage":25,"enemies":"Shield and Spear","floor":55,"turns":7},{"damage":63,"enemies":"The Heart","floor":56,"turns":3}],"seed_played":"1649375577319532268","potions_obtained":[{"floor":0,"key":"Block Potion"},{"floor":0,"key":"EntropicBrew"},{"floor":0,"key":"Regen Potion"},{"floor":5,"key":"Fire Potion"},{"floor":6,"key":"Strength Potion"},{"floor":12,"key":"Regen Potion"},{"floor":14,"key":"Dexterity Potion"},{"floor":18,"key":"Dexterity Potion"},{"floor":25,"key":"Energy Potion"}],"is_trial":false,"path_per_floor":["M","$","?","M","?","E","M","E","T","R","$","E","R","M","R","B",null,"M","?","?","M","?","E","R","M","T","?","M","M","R","E","R","B",null,"M","M","?","M","M","E","M","E","T","R","$","E","?","E","R","B","B",null,"R","$","E","B"],"character_chosen":"THE_SILENT","items_purchased":["Deadly Poison","Footwork","AttackPotion","Caltrops+1","Calculated Gamble","Caltrops+1"],"campfire_rested":4,"item_purchase_floors":[2,11,11,45,54,54],"current_hp_per_floor":[55,55,35,50,50,34,34,22,22,41,41,25,25,40,40,23,55,55,55,34,31,31,3,22,22,22,22,21,21,40,40,40,40,60,60,60,54,54,54,54,54,54,54,54,54,54,54,54,54,36,36,59,66,66,51,0],"gold":110,"neow_bonus":"THREE_SMALL_POTIONS","is_prod":false,"is_daily":false,"chose_seed":false,"campfire_upgraded":4,"win_rate":0,"timestamp":1553720601,"path_taken":["M","$","?","M","?","E","M","E","T","R","$","E","R","?","R","BOSS","M","?","?","M","?","E","R","M","T","?","?","M","R","E","R","BOSS","M","?","?","?","?","E","M","E","T","R","$","E","?","E","R","BOSS","BOSS","R","$","E","BOSS"],"build_version":"2019-03-15","purchased_purges":2,"victory":false,"max_hp_per_floor":[66,66,66,66,66,66,66,66,66,66,66,66,66,66,66,66,66,66,66,66,66,66,66,66,66,66,66,66,66,66,66,66,66,66,66,66,66,66,66,66,66,66,66,66,66,66,66,66,66,66,66,66,66,66,76,76],"card_choices":[{"not_picked":["Flying Knee","Dagger Spray"],"picked":"Well Laid Plans","floor":1},{"not_picked":["Dagger Throw","Underhanded Strike"],"picked":"Footwork","floor":4},{"not_picked":["Concentrate","Acrobatics"],"picked":"Dash","floor":6},{"not_picked":["Masterful Stab","Prepared","Bane"],"picked":"SKIP","floor":7},{"not_picked":["Blur","Reflex"],"picked":"Cloak And Dagger","floor":8},{"not_picked":["Grand Finale","Footwork"],"picked":"Finisher","floor":12},{"not_picked":["Sucker Punch","Deadly Poison"],"picked":"Quick Slash","floor":14},{"not_picked":["Night Terror","Grand Finale"],"picked":"Corpse Explosion","floor":16},{"not_picked":["Catalyst","Sucker Punch+1","Concentrate"],"picked":"SKIP","floor":18},{"not_picked":["Masterful Stab","Underhanded Strike"],"picked":"Dodge and Roll","floor":21},{"not_picked":["Deadly Poison","Quick Slash","Masterful Stab"],"picked":"SKIP","floor":23},{"not_picked":["Prepared","Sucker Punch"],"picked":"Dodge and Roll","floor":25},{"not_picked":["Glass Knife","Poisoned Stab"],"picked":"Dash","floor":28},{"not_picked":["Setup+1","Outmaneuver"],"picked":"Leg Sweep+1","floor":29},{"not_picked":["Tools of the Trade","Deflect+1"],"picked":"Footwork","floor":31},{"not_picked":["Envenom","Glass Knife"],"picked":"Malaise","floor":33},{"not_picked":["Dodge and Roll","Sucker Punch","Dagger Throw"],"picked":"SKIP","floor":35},{"not_picked":["Blade Dance","Flying Knee+1"],"picked":"Riddle With Holes","floor":36},{"not_picked":["Heel Hook","A Thousand Cuts"],"picked":"PiercingWail+1","floor":38},{"not_picked":["Dodge and Roll+1","Backstab","Bane+1"],"picked":"SKIP","floor":39},{"not_picked":["Deadly Poison","Cloak And Dagger"],"picked":"Noxious Fumes","floor":40},{"not_picked":["Quick Slash","Crippling Poison"],"picked":"Escape Plan+1","floor":41},{"not_picked":["Prepared","Acrobatics"],"picked":"Backflip+1","floor":42},{"not_picked":["Sucker Punch","Poisoned Stab+1","Corpse Explosion"],"picked":"SKIP","floor":46},{"not_picked":["Dagger Throw","Reflex","Outmaneuver"],"picked":"SKIP","floor":48},{"not_picked":["Prepared","Flying Knee"],"picked":"Dodge and Roll+1","floor":55}],"player_experience":5350605,"relics_obtained":[{"floor":6,"key":"Centennial Puzzle"},{"floor":8,"key":"PreservedInsect"},{"floor":9,"key":"Bronze Scales"},{"floor":12,"key":"Oddly Smooth Stone"},{"floor":20,"key":"Necronomicon"},{"floor":23,"key":"Bag of Preparation"},{"floor":31,"key":"Omamori"},{"floor":40,"key":"Ornamental Fan"},{"floor":42,"key":"Frozen Egg 2"},{"floor":46,"key":"Dodecahedron"},{"floor":48,"key":"Lantern"},{"floor":55,"key":"Pear"}],"event_choices":[{"damage_healed":0,"gold_gain":0,"player_choice":"Entered Light","damage_taken":20,"max_hp_gain":0,"max_hp_loss":0,"event_name":"Shining Light","floor":3,"gold_loss":0,"cards_upgraded":["Strike_G","Neutralize"]},{"damage_healed":0,"gold_gain":0,"player_choice":"Got Potions","damage_taken":0,"max_hp_gain":0,"max_hp_loss":0,"event_name":"Lab","floor":5,"gold_loss":0},{"damage_healed":0,"gold_gain":0,"player_choice":"Ignored","damage_taken":0,"max_hp_gain":0,"max_hp_loss":0,"event_name":"The Mausoleum","floor":19,"gold_loss":0},{"damage_healed":0,"gold_gain":0,"player_choice":"Obtained Book","damage_taken":21,"max_hp_gain":0,"max_hp_loss":0,"event_name":"Cursed Tome","floor":20,"gold_loss":0},{"cards_removed":["Strike_G"],"damage_healed":0,"gold_gain":0,"player_choice":"Gave Gold","damage_taken":0,"max_hp_gain":0,"max_hp_loss":0,"event_name":"Beggar","floor":22,"gold_loss":75},{"cards_removed":["Strike_G"],"damage_healed":0,"gold_gain":0,"player_choice":"Upgrade and Remove","damage_taken":0,"max_hp_gain":0,"max_hp_loss":0,"event_name":"Designer","floor":27,"gold_loss":110,"cards_upgraded":["Footwork"]},{"damage_healed":0,"gold_gain":50,"player_choice":"Touch","damage_taken":6,"max_hp_gain":0,"max_hp_loss":0,"event_name":"FaceTrader","floor":37,"gold_loss":0},{"cards_removed":["Quick Slash"],"damage_healed":0,"gold_gain":0,"player_choice":"Removed Attack","damage_taken":0,"max_hp_gain":0,"max_hp_loss":0,"event_name":"Falling","floor":47,"gold_loss":0}],"is_beta":true,"boss_relics":[{"not_picked":["Orrery","White Beast Statue"],"picked":"Cursed Key"},{"not_picked":["Calling Bell","WristBlade"],"picked":"Sozu"}],"items_purged_floors":[2,45],"is_endless":false,"potions_floor_spawned":[6,12,14,18,25,29,33,35,41,42,46,55],"killed_by":"The Heart","ascension_level":20}