{"gold_per_floor":[119,138,138,150,165,165,199,199,248,282,282,295,295,328,328,328],"floor_reached":16,"playtime":887,"items_purged":[],"score":240,"play_id":"683e0c5f-5dbf-4604-8181-64dce9455733","local_time":"20190327123132","is_ascension_mode":true,"campfire_choices":[{"data":"Zap","floor":6,"key":"SMITH"},{"floor":8,"key":"REST"},{"floor":11,"key":"REST"},{"data":"Loop","floor":15,"key":"SMITH"}],"neow_cost":"NONE","seed_source_timestamp":66065391469044,"circlet_count":0,"master_deck":["AscendersBane","Strike_B","Strike_B","Strike_B+1","Defend_B","Defend_B","Defend_B+1","Defend_B+1","Zap+1","Dualcast","Self Repair","Cold Snap","Gash+1","Loop+1","Compile Driver","Sweeping Beam"],"relics":["Cracked Core","Sundial","Lantern","Whetstone","War Paint","Orichalcum"],"potions_floor_usage":[7,10,14,16],"damage_taken":[{"damage":3,"enemies":"Small Slimes","floor":1,"turns":3},{"damage":1,"enemies":"Cultist","floor":2,"turns":4},{"damage":2,"enemies":"Jaw Worm","floor":4,"turns":5},{"damage":34,"enemies":"Exordium Thugs","floor":5,"turns":6},{"damage":37,"enemies":"Lagavulin","floor":7,"turns":7},{"damage":26,"enemies":"Gremlin Nob","floor":10,"turns":5},{"damage":8,"enemies":"Lots of Slimes","floor":12,"turns":4},{"damage":25,"enemies":"3 Sentries","floor":14,"turns":10},{"damage":13,"enemies":"Hexaghost","floor":16,"turns":9}],"seed_played":"-1088593673042259972","potions_obtained":[{"floor":2,"key":"Dexterity Potion"},{"floor":5,"key":"FearPotion"},{"floor":7,"key":"Ancient Potion"},{"floor":13,"key":"Ancient Potion"},{"floor":13,"key":"Block Potion"},{"floor":14,"key":"Dexterity Potion"}],"is_trial":false,"path_per_floor":["M","M","?","M","M","R","E","R","T","E","R","M","?","E","R","B"],"character_chosen":"DEFECT","items_purchased":[],"campfire_rested":2,"item_purchase_floors":[],"current_hp_per_floor":[61,60,60,65,38,38,8,29,29,10,31,30,30,12,12,0],"gold":328,"neow_bonus":"REMOVE_CARD","is_prod":false,"is_daily":false,"chose_seed":false,"campfire_upgraded":2,"win_rate":0,"timestamp":1553715092,"path_taken":["M","M","?","M","?","R","E","R","T","E","R","M","?","E","R","BOSS"],"build_version":"2019-03-15","purchased_purges":0,"victory":false,"max_hp_per_floor":[71,71,71,71,71,71,71,71,71,71,71,71,71,71,71,71],"card_choices":[{"not_picked":["Stack","Double Energy","Reprogram"],"picked":"SKIP","floor":1},{"not_picked":["Hello World","Rebound"],"picked":"Self Repair","floor":2},{"not_picked":["Auto Shields","Turbo"],"picked":"Cold Snap","floor":4},{"not_picked":["Redo","Double Energy","Turbo"],"picked":"SKIP","floor":5},{"not_picked":["Chaos","Streamline"],"picked":"Gash","floor":7},{"not_picked":["Machine Learning","Cold Snap"],"picked":"Loop","floor":10},{"not_picked":["Steam","Storm"],"picked":"Compile Driver","floor":12},{"not_picked":["Redo","Barrage"],"picked":"Sweeping Beam","floor":14}],"player_experience":5348819,"relics_obtained":[{"floor":7,"key":"Lantern"},{"floor":9,"key":"Whetstone"},{"floor":10,"key":"War Paint"},{"floor":14,"key":"Orichalcum"}],"event_choices":[{"damage_healed":0,"gold_gain":0,"player_choice":"Gave Potion","damage_taken":0,"relics_obtained":["Sundial"],"max_hp_gain":0,"max_hp_loss":0,"event_name":"WeMeetAgain","floor":3,"gold_loss":0},{"damage_healed":0,"gold_gain":0,"player_choice":"Got Potions","damage_taken":0,"max_hp_gain":0,"max_hp_loss":0,"event_name":"Lab","floor":13,"gold_loss":0}],"is_beta":true,"boss_relics":[],"items_purged_floors":[],"is_endless":false,"potions_floor_spawned":[2,5,7,14],"killed_by":"Hexaghost","ascension_level":20}