{"gold_per_floor":[110,110,22,34,34,34,67,67,67,80,92,92,17,33,33,104,154,34,47,47,47,47,47,79,94,94,112,15,15,41,58,58,131,131,144,16,32,47,47,47,77,77],"floor_reached":42,"playtime":2794,"items_purged":["Strike_G+1"],"score":953,"play_id":"f5bbdc44-8897-4277-9b17-671979dae0b6","local_time":"20190322153421","is_ascension_mode":true,"campfire_choices":[{"data":"Flying Knee","floor":6,"key":"SMITH"},{"floor":8,"key":"REST"},{"data":"Dagger Throw","floor":12,"key":"SMITH"},{"data":"Caltrops","floor":15,"key":"SMITH"},{"floor":23,"key":"REST"},{"data":"Noxious Fumes","floor":29,"key":"SMITH"},{"floor":32,"key":"REST"},{"data":"Footwork","floor":40,"key":"SMITH"}],"neow_cost":"NONE","seed_source_timestamp":152626644965462,"circlet_count":0,"master_deck":["AscendersBane","Defend_G+1","Defend_G+1","Defend_G+1","Defend_G+1","Defend_G+1","Strike_G+1","Strike_G+1","Strike_G+1","Survivor+1","Neutralize+1","PiercingWail","Footwork+1","Flying Knee+1","Dagger Throw+1","Quick Slash","Caltrops+1","After Image","Footwork","Backflip","Malaise","Deadly Poison","Poisoned Stab+1","Noxious Fumes+1","Deadly Poison","Doppelganger","Cloak And Dagger","Adrenaline","Deflect","Footwork","Backflip","Burst","Prepared+1","Deflect","Dodge and Roll"],"relics":["Ring of the Snake","Bag of Preparation","Regal Pillow","Tiny House","Gremlin Horn","Snake Skull","PreservedInsect","Calipers","Orrery","Potion Belt"],"potions_floor_usage":[0,7,7,16,21,33,33,38],"damage_taken":[{"damage":1,"enemies":"Small Slimes","floor":1,"turns":4},{"damage":0,"enemies":"2 Louse","floor":4,"turns":3},{"damage":29,"enemies":"Gremlin Nob","floor":7,"turns":7},{"damage":0,"enemies":"Jaw Worm","floor":10,"turns":4},{"damage":0,"enemies":"2 Fungi Beasts","floor":11,"turns":4},{"damage":2,"enemies":"Blue Slaver","floor":14,"turns":4},{"damage":28,"enemies":"Hexaghost","floor":16,"turns":10},{"damage":11,"enemies":"2 Thieves","floor":18,"turns":5},{"damage":3,"enemies":"Shell Parasite","floor":19,"turns":11},{"damage":10,"enemies":"Colosseum Slavers","floor":21,"turns":8},{"damage":12,"enemies":"Book of Stabbing","floor":24,"turns":7},{"damage":1,"enemies":"Centurion and Healer","floor":25,"turns":11},{"damage":0,"enemies":"Snake Plant","floor":27,"turns":6},{"damage":28,"enemies":"Slavers","floor":30,"turns":4},{"damage":22,"enemies":"Cultist and Chosen","floor":31,"turns":7},{"damage":46,"enemies":"Champ","floor":33,"turns":13},{"damage":12,"enemies":"3 Darklings","floor":35,"turns":6},{"damage":0,"enemies":"3 Shapes","floor":37,"turns":6},{"damage":4,"enemies":"Maw","floor":38,"turns":10},{"damage":50,"enemies":"Nemesis","floor":41,"turns":9},{"damage":7,"enemies":"3 Darklings","floor":42,"turns":2}],"seed_played":"-4194779108837347138","potions_obtained":[{"floor":0,"key":"Fruit Juice"},{"floor":0,"key":"GhostInAJar"},{"floor":0,"key":"Weak Potion"},{"floor":14,"key":"Regen Potion"},{"floor":17,"key":"EssenceOfSteel"},{"floor":24,"key":"Energy Potion"},{"floor":27,"key":"Explosive Potion"},{"floor":30,"key":"Dexterity Potion"},{"floor":33,"key":"Strength Potion"},{"floor":37,"key":"Regen Potion"},{"floor":41,"key":"Poison Potion"}],"is_trial":false,"path_per_floor":["M","?","$","M","?","R","E","R","T","M","M","R","?","M","R","B",null,"M","M","?","?","T","R","E","M","T","M","$","R","E","M","R","B",null,"M","$","M","M","?","R","E","M"],"character_chosen":"THE_SILENT","items_purchased":["Footwork","Noxious Fumes","Deadly Poison","Dexterity Potion"],"campfire_rested":3,"item_purchase_floors":[3,28,28,36],"current_hp_per_floor":[63,63,63,63,42,42,13,34,34,34,34,34,34,32,32,16,62,51,48,48,38,38,75,63,62,62,62,62,62,34,12,49,3,58,46,46,46,57,57,57,7,0],"gold":77,"neow_bonus":"THREE_SMALL_POTIONS","is_prod":false,"is_daily":false,"chose_seed":false,"campfire_upgraded":5,"win_rate":0,"timestamp":1553294061,"path_taken":["M","?","$","M","?","R","E","R","T","M","M","R","?","M","R","BOSS","M","M","?","?","?","R","E","M","T","M","$","R","E","M","R","BOSS","M","$","M","M","?","R","E","M"],"build_version":"2019-03-15","purchased_purges":1,"victory":false,"max_hp_per_floor":[71,71,71,71,71,71,71,71,71,71,71,71,71,71,71,71,76,76,76,76,76,76,76,76,76,76,76,76,76,76,76,76,76,76,76,76,76,76,76,76,76,76],"card_choices":[{"not_picked":["Flying Knee","Eviscerate"],"picked":"PiercingWail","floor":1},{"not_picked":["PiercingWail","Dagger Spray"],"picked":"Flying Knee","floor":4},{"not_picked":["Dagger Spray","Flying Knee"],"picked":"Dagger Throw","floor":7},{"not_picked":["Prepared","Accuracy"],"picked":"Quick Slash","floor":10},{"not_picked":["Underhanded Strike","Flechettes","Flying Knee"],"picked":"SKIP","floor":11},{"not_picked":["Bane","Finisher"],"picked":"Caltrops","floor":14},{"not_picked":["Envenom","Venomology"],"picked":"After Image","floor":16},{"not_picked":["Dagger Spray","Dagger Throw"],"picked":"Footwork","floor":17},{"not_picked":["Flying Knee","Dagger Throw"],"picked":"Backflip","floor":18},{"not_picked":["Backflip","Prepared"],"picked":"Malaise","floor":19},{"not_picked":["PiercingWail","Endless Agony"],"picked":"Deadly Poison","floor":24},{"not_picked":["Underhanded Strike","Quick Slash"],"picked":"Poisoned Stab+1","floor":25},{"not_picked":["Dagger Spray","Choke","Setup"],"picked":"SKIP","floor":27},{"not_picked":["Endless Agony","Dagger Spray"],"picked":"Doppelganger","floor":30},{"not_picked":["Quick Slash","Blade Dance+1"],"picked":"Cloak And Dagger","floor":31},{"not_picked":["Glass Knife","Wraith Form v2"],"picked":"Adrenaline","floor":33},{"not_picked":["Bane","Dash"],"picked":"Deflect","floor":34},{"not_picked":["Flechettes+1","Backflip"],"picked":"Footwork","floor":34},{"not_picked":["Caltrops+1","Quick Slash"],"picked":"Backflip","floor":34},{"not_picked":["PiercingWail","Prepared"],"picked":"Burst","floor":35},{"not_picked":["Concentrate","Reflex"],"picked":"Prepared+1","floor":37},{"not_picked":["Flying Knee","Choke"],"picked":"Deflect","floor":38},{"not_picked":["Outmaneuver","Deadly Poison+1"],"picked":"Dodge and Roll","floor":41}],"player_experience":5295909,"relics_obtained":[{"floor":7,"key":"Bag of Preparation"},{"floor":9,"key":"Regal Pillow"},{"floor":22,"key":"Gremlin Horn"},{"floor":24,"key":"Snake Skull"},{"floor":26,"key":"PreservedInsect"},{"floor":30,"key":"Calipers"},{"floor":41,"key":"Potion Belt"}],"event_choices":[{"damage_healed":0,"gold_gain":0,"player_choice":"Grow","damage_taken":0,"max_hp_gain":0,"max_hp_loss":0,"event_name":"Living Wall","floor":2,"gold_loss":0,"cards_upgraded":["Neutralize"]},{"damage_healed":0,"gold_gain":0,"player_choice":"Entered Light","damage_taken":21,"max_hp_gain":0,"max_hp_loss":0,"event_name":"Shining Light","floor":5,"gold_loss":0,"cards_upgraded":["Survivor","Defend_G"]},{"cards_removed":["Strike_G"],"damage_healed":0,"gold_gain":0,"player_choice":"Card Removal","damage_taken":0,"max_hp_gain":0,"max_hp_loss":0,"event_name":"The Cleric","floor":13,"gold_loss":75},{"damage_healed":0,"gold_gain":0,"player_choice":"Simplicity","damage_taken":0,"max_hp_gain":0,"max_hp_loss":0,"event_name":"Back to Basics","floor":20,"gold_loss":0,"cards_upgraded":["Defend_G","Defend_G","Defend_G","Defend_G","Strike_G","Strike_G","Strike_G"]},{"damage_healed":0,"gold_gain":0,"player_choice":"Fight","damage_taken":0,"max_hp_gain":0,"max_hp_loss":0,"event_name":"Colosseum","floor":21,"gold_loss":0},{"damage_healed":0,"gold_gain":0,"player_choice":"Fled From Nobs","damage_taken":0,"max_hp_gain":0,"max_hp_loss":0,"event_name":"Colosseum","floor":21,"gold_loss":0},{"damage_healed":0,"gold_gain":0,"player_choice":"Ignored","damage_taken":0,"max_hp_gain":0,"max_hp_loss":0,"event_name":"SecretPortal","floor":39,"gold_loss":0}],"is_beta":true,"boss_relics":[{"not_picked":["Eternal Feather","Coffee Dripper"],"picked":"Tiny House"},{"not_picked":["Lizard Tail","Pandora\u0027s Box"],"picked":"Orrery"}],"items_purged_floors":[36],"is_endless":false,"potions_floor_spawned":[1,14,21,24,27,30,33,37,41],"killed_by":"3 Darklings","ascension_level":20}