{"gold_per_floor":[111,111,32,32,46,46,78,78,135,135,164,27,62,18,18,18],"floor_reached":16,"playtime":890,"items_purged":[],"score":228,"play_id":"28460ce1-d8a1-4bd6-ae94-6f3bc0a56839","local_time":"20190327115046","is_ascension_mode":true,"campfire_choices":[{"data":"Lockon","floor":6,"key":"SMITH"},{"data":"Static Discharge","floor":8,"key":"SMITH"},{"floor":10,"key":"REST"},{"floor":15,"key":"REST"}],"neow_cost":"NONE","seed_source_timestamp":63615432375378,"circlet_count":0,"master_deck":["AscendersBane","Strike_B","Strike_B","Strike_B","Strike_B","Defend_B","Defend_B","Defend_B","Defend_B","Zap+1","Dualcast","Static Discharge+1","Genetic Algorithm","Lockon+1","Cold Snap","Cold Snap","Doom and Gloom","Glacier","Sweeping Beam"],"relics":["Cracked Core","Juzu Bracelet","Omamori","Tiny Chest","Dream Catcher","Boot"],"potions_floor_usage":[13,13],"damage_taken":[{"damage":7,"enemies":"Small Slimes","floor":1,"turns":3},{"damage":8,"enemies":"Jaw Worm","floor":5,"turns":4},{"damage":37,"enemies":"3 Sentries","floor":7,"turns":8},{"damage":20,"enemies":"Lagavulin","floor":11,"turns":5},{"damage":4,"enemies":"Gremlin Nob","floor":13,"turns":3},{"damage":31,"enemies":"Slime Boss","floor":16,"turns":8}],"seed_played":"8832090519645199544","potions_obtained":[{"floor":5,"key":"Ancient Potion"},{"floor":11,"key":"SpeedPotion"}],"is_trial":false,"path_per_floor":["M","?","$","?","M","R","E","R","T","R","E","$","E","$","R","B"],"character_chosen":"DEFECT","items_purchased":["Genetic Algorithm","Cold Snap","Fire Potion","Poison Potion","Glacier"],"campfire_rested":2,"item_purchase_floors":[3,12,12,12,14],"current_hp_per_floor":[57,57,57,57,49,49,12,12,12,33,13,13,9,9,30,0],"gold":18,"neow_bonus":"RANDOM_COMMON_RELIC","is_prod":false,"is_daily":false,"chose_seed":false,"campfire_upgraded":2,"win_rate":0,"timestamp":1553712646,"path_taken":["M","?","$","?","M","R","E","R","T","R","E","$","E","?","R","BOSS"],"build_version":"2019-03-15","purchased_purges":0,"victory":false,"max_hp_per_floor":[71,71,71,71,71,71,71,71,71,71,71,71,71,71,71,71],"card_choices":[{"not_picked":["Hologram","Blizzard"],"picked":"Static Discharge","floor":1},{"not_picked":["Reprogram","Rebound"],"picked":"Lockon","floor":5},{"not_picked":["Fusion","Heatsinks","Conserve Battery"],"picked":"SKIP","floor":7},{"not_picked":["Self Repair","Go for the Eyes"],"picked":"Cold Snap","floor":11},{"not_picked":["Multi-Cast","Rebound"],"picked":"Doom and Gloom","floor":13},{"not_picked":["Steam Power","Leap"],"picked":"Sweeping Beam","floor":15}],"player_experience":5346435,"relics_obtained":[{"floor":7,"key":"Omamori"},{"floor":9,"key":"Tiny Chest"},{"floor":11,"key":"Dream Catcher"},{"floor":13,"key":"Boot"}],"event_choices":[{"damage_healed":0,"gold_gain":0,"player_choice":"Grow","damage_taken":0,"max_hp_gain":0,"max_hp_loss":0,"event_name":"Living Wall","floor":2,"gold_loss":0,"cards_upgraded":["Zap"]},{"damage_healed":0,"gold_gain":0,"player_choice":"Ignored","damage_taken":0,"max_hp_gain":0,"max_hp_loss":0,"event_name":"Liars Game","floor":4,"gold_loss":0}],"is_beta":true,"boss_relics":[],"items_purged_floors":[],"is_endless":false,"potions_floor_spawned":[5,11],"killed_by":"Slime Boss","ascension_level":20}