{"gold_per_floor":[119,138,149,149,170,170,210,230,254,287,52,52,52,67,67,156,156,169,169,251,272,296,296,320,320,347,347,391,391,441,480,480,480],"floor_reached":33,"playtime":2492,"items_purged":["Strike_G"],"score":590,"play_id":"93e66d48-cf60-4451-97af-d74afe5ac6bf","local_time":"20190324125922","is_ascension_mode":true,"campfire_choices":[{"data":"Predator","floor":6,"key":"SMITH"},{"data":"Skewer","floor":12,"key":"SMITH"},{"data":"Footwork","floor":15,"key":"SMITH"},{"floor":23,"key":"RECALL"},{"floor":25,"key":"REST"},{"floor":27,"key":"REST"},{"floor":32,"key":"REST"}],"neow_cost":"NONE","seed_source_timestamp":48577815077636,"circlet_count":0,"master_deck":["AscendersBane","Defend_G","Defend_G","Defend_G","Defend_G","Defend_G","Strike_G","Strike_G","Strike_G","Strike_G","Survivor","Neutralize","Footwork+1","Predator+1","Well Laid Plans","Escape Plan","Skewer+1","Deadly Poison","Backflip","Cloak And Dagger","Noxious Fumes","Poisoned Stab+1","Noxious Fumes"],"relics":["Ring of the Snake","NeowsBlessing","Golden Idol","Orichalcum","Vajra","Strawberry","Happy Flower","Fusion Hammer","Shuriken","Bronze Scales","Regal Pillow","Frozen Egg 2","Oddly Smooth Stone"],"potions_floor_usage":[5,7,10,33],"damage_taken":[{"damage":0,"enemies":"Cultist","floor":1,"turns":1},{"damage":0,"enemies":"2 Louse","floor":2,"turns":1},{"damage":0,"enemies":"Small Slimes","floor":3,"turns":1},{"damage":1,"enemies":"3 Louse","floor":5,"turns":4},{"damage":12,"enemies":"Lagavulin","floor":7,"turns":10},{"damage":0,"enemies":"Exordium Wildlife","floor":8,"turns":4},{"damage":22,"enemies":"Gremlin Nob","floor":10,"turns":5},{"damage":5,"enemies":"Exordium Thugs","floor":14,"turns":3},{"damage":9,"enemies":"The Guardian","floor":16,"turns":13},{"damage":0,"enemies":"Spheric Guardian","floor":18,"turns":4},{"damage":0,"enemies":"Chosen","floor":21,"turns":3},{"damage":0,"enemies":"Snake Plant","floor":22,"turns":4},{"damage":4,"enemies":"Snecko","floor":24,"turns":5},{"damage":9,"enemies":"Gremlin Leader","floor":28,"turns":6},{"damage":35,"enemies":"Book of Stabbing","floor":31,"turns":5},{"damage":88,"enemies":"Champ","floor":33,"turns":10}],"seed_played":"-78059042799023063","potions_obtained":[{"floor":1,"key":"Swift Potion"},{"floor":3,"key":"SpeedPotion"},{"floor":8,"key":"EssenceOfSteel"},{"floor":10,"key":"Dexterity Potion"},{"floor":22,"key":"Poison Potion"}],"is_trial":false,"path_per_floor":["M","M","M","?","M","R","E","M","T","E","$","R","?","M","R","B",null,"M","?","T","M","M","R","M","R","T","R","E","T","?","E","R","B"],"character_chosen":"THE_SILENT","items_purchased":["Happy Flower"],"campfire_rested":3,"item_purchase_floors":[11],"current_hp_per_floor":[59,59,59,59,58,58,46,46,46,31,31,31,36,31,31,22,60,60,60,60,60,60,60,56,72,72,72,63,63,63,28,64,0],"gold":480,"neow_bonus":"THREE_ENEMY_KILL","is_prod":false,"is_daily":false,"chose_seed":false,"campfire_upgraded":3,"win_rate":0,"timestamp":1553457562,"path_taken":["M","M","?","?","M","R","E","M","T","E","$","R","?","M","R","BOSS","M","?","?","M","?","R","M","R","T","R","E","?","?","E","R","BOSS"],"build_version":"2019-03-15","purchased_purges":1,"victory":false,"max_hp_per_floor":[66,66,66,60,60,60,60,60,60,67,67,67,72,72,72,72,72,72,72,72,72,72,72,72,72,72,72,72,72,72,72,72,72],"card_choices":[{"not_picked":["Endless Agony","Caltrops"],"picked":"Footwork","floor":1},{"not_picked":["Underhanded Strike","Deflect"],"picked":"Predator","floor":2},{"not_picked":["Predator","Blade Dance"],"picked":"Well Laid Plans","floor":3},{"not_picked":["Outmaneuver","Acrobatics"],"picked":"Escape Plan","floor":5},{"not_picked":["Bane","Burst"],"picked":"Skewer","floor":7},{"not_picked":["Infinite Blades","Dodge and Roll"],"picked":"Deadly Poison","floor":8},{"not_picked":["Flechettes","Poisoned Stab"],"picked":"Backflip","floor":10},{"not_picked":["Quick Slash","Deadly Poison"],"picked":"Cloak And Dagger","floor":14},{"not_picked":["Sucker Punch","Eviscerate","Skewer"],"picked":"SKIP","floor":18},{"not_picked":["Choke+1","Skewer"],"picked":"Noxious Fumes","floor":21},{"not_picked":["Dagger Spray","Prepared"],"picked":"Poisoned Stab+1","floor":22},{"not_picked":["Underhanded Strike","Reflex"],"picked":"Noxious Fumes","floor":24},{"not_picked":["A Thousand Cuts","Reflex","Dagger Spray"],"picked":"SKIP","floor":28},{"not_picked":["Reflex","Quick Slash+1","Poisoned Stab"],"picked":"SKIP","floor":31}],"player_experience":5326270,"relics_obtained":[{"floor":7,"key":"Orichalcum"},{"floor":9,"key":"Vajra"},{"floor":10,"key":"Strawberry"},{"floor":20,"key":"Shuriken"},{"floor":26,"key":"Bronze Scales"},{"floor":28,"key":"Regal Pillow"},{"floor":29,"key":"Frozen Egg 2"},{"floor":31,"key":"Oddly Smooth Stone"}],"event_choices":[{"damage_healed":0,"gold_gain":0,"player_choice":"Lose Max HP","damage_taken":0,"relics_obtained":["Golden Idol"],"max_hp_gain":0,"max_hp_loss":6,"event_name":"Golden Idol","floor":4,"gold_loss":0},{"damage_healed":0,"gold_gain":0,"player_choice":"Donut","damage_taken":0,"max_hp_gain":5,"max_hp_loss":0,"event_name":"Big Fish","floor":13,"gold_loss":0},{"damage_healed":0,"gold_gain":0,"player_choice":"Ignored","damage_taken":0,"max_hp_gain":0,"max_hp_loss":0,"event_name":"The Mausoleum","floor":19,"gold_loss":0},{"damage_healed":0,"gold_gain":50,"player_choice":"Stole From Cult","damage_taken":0,"max_hp_gain":0,"max_hp_loss":0,"event_name":"Nest","floor":30,"gold_loss":0}],"is_beta":true,"boss_relics":[{"not_picked":["Sozu","Empty Cage"],"picked":"Fusion Hammer"}],"items_purged_floors":[11],"is_endless":false,"potions_floor_spawned":[1,3,8,10,22,24,28],"killed_by":"Champ","ascension_level":20}