{"gold_per_floor":[118,118,128,142,162,162,177,177,201,231,244,254,254,283,283,283],"floor_reached":16,"playtime":718,"items_purged":[],"score":228,"play_id":"e3e3e9b0-1ebb-414e-bdcc-e8db37c3b245","local_time":"20190326230225","is_ascension_mode":true,"campfire_choices":[{"data":"Quick Slash","floor":6,"key":"SMITH"},{"data":"Noxious Fumes","floor":8,"key":"SMITH"},{"floor":13,"key":"REST"},{"data":"Dagger Spray","floor":15,"key":"SMITH"}],"neow_cost":"NONE","seed_source_timestamp":17687960127273,"circlet_count":0,"master_deck":["AscendersBane","Defend_G","Defend_G","Defend_G","Defend_G","Defend_G","Strike_G","Strike_G","Strike_G","Strike_G","Strike_G","Survivor","Neutralize+1","Quick Slash+1","Dodge and Roll","Dagger Spray+1","Terror","Noxious Fumes+1","Blur","Night Terror"],"relics":["Ring of the Snake","Bag of Marbles","Ancient Tea Set","Art of War"],"potions_floor_usage":[5,10,14],"damage_taken":[{"damage":0,"enemies":"Small Slimes","floor":1,"turns":4},{"damage":1,"enemies":"2 Louse","floor":3,"turns":3},{"damage":0,"enemies":"Cultist","floor":4,"turns":3},{"damage":10,"enemies":"3 Louse","floor":5,"turns":4},{"damage":0,"enemies":"Red Slaver","floor":7,"turns":3},{"damage":25,"enemies":"3 Sentries","floor":10,"turns":6},{"damage":4,"enemies":"Large Slime","floor":11,"turns":4},{"damage":2,"enemies":"3 Louse","floor":12,"turns":4},{"damage":18,"enemies":"Gremlin Nob","floor":14,"turns":4},{"damage":33,"enemies":"Hexaghost","floor":16,"turns":9}],"seed_played":"3023529439599343477","potions_obtained":[{"floor":3,"key":"GamblersBrew"},{"floor":5,"key":"Regen Potion"},{"floor":7,"key":"FearPotion"},{"floor":10,"key":"FearPotion"}],"is_trial":false,"path_per_floor":["M","?","M","M","M","R","M","R","T","E","M","M","R","E","R","B"],"character_chosen":"THE_SILENT","items_purchased":[],"campfire_rested":1,"item_purchase_floors":[],"current_hp_per_floor":[59,59,58,58,48,48,48,48,48,38,34,32,51,33,33,0],"gold":283,"neow_bonus":"UPGRADE_CARD","is_prod":false,"is_daily":false,"chose_seed":false,"campfire_upgraded":3,"win_rate":0,"timestamp":1553666545,"path_taken":["M","?","M","M","M","R","M","R","T","E","M","M","R","E","R","BOSS"],"build_version":"2019-03-15","purchased_purges":0,"victory":false,"max_hp_per_floor":[66,66,66,66,66,66,66,66,66,66,66,66,66,66,66,66],"card_choices":[{"not_picked":["Dagger Throw","Dodge and Roll"],"picked":"Quick Slash","floor":1},{"not_picked":["Blur","Backflip"],"picked":"Dodge and Roll","floor":3},{"not_picked":["Quick Slash","Backflip"],"picked":"Dagger Spray","floor":4},{"not_picked":["Flying Knee","Underhanded Strike"],"picked":"Terror","floor":5},{"not_picked":["Eviscerate","Tactician"],"picked":"Noxious Fumes","floor":7},{"not_picked":["Expertise","Night Terror"],"picked":"Blur","floor":10},{"not_picked":["Outmaneuver","Prepared","Deflect"],"picked":"SKIP","floor":11},{"not_picked":["Flying Knee","Bane","Dagger Throw"],"picked":"SKIP","floor":12},{"not_picked":["Flying Knee","Bane","Dagger Throw"],"picked":"SKIP","floor":12},{"not_picked":["Doppelganger","Bane"],"picked":"Night Terror","floor":14}],"player_experience":5345717,"relics_obtained":[{"floor":9,"key":"Bag of Marbles"},{"floor":10,"key":"Ancient Tea Set"},{"floor":14,"key":"Art of War"}],"event_choices":[{"damage_healed":0,"gold_gain":0,"player_choice":"Ignored","damage_taken":0,"max_hp_gain":0,"max_hp_loss":0,"event_name":"Liars Game","floor":2,"gold_loss":0}],"is_beta":true,"boss_relics":[],"items_purged_floors":[],"is_endless":false,"potions_floor_spawned":[3,5,7,10],"killed_by":"Hexaghost","ascension_level":20}