{"gold_per_floor":[213,226,226,239,13,13,33,33,33,61,74,89,119,131,131,209,209,222,312,81,93,103,130,130,158,158,158,158,258,285,131,131,206,206,217,52,52,106,118,148,166,194,194,210,245,256,266,286,286,286,286,286,286,7,40,40],"floor_reached":57,"playtime":4650,"items_purged":["Strike_R","Strike_R","Strike_R+1"],"score":2878,"play_id":"fb4d7f10-cfb9-450d-a869-be66dbe7409e","local_time":"20190319173417","is_ascension_mode":true,"campfire_choices":[{"data":"Feed","floor":6,"key":"SMITH"},{"data":"Uppercut","floor":8,"key":"SMITH"},{"data":"Inflame","floor":15,"key":"SMITH"},{"data":"Disarm","floor":24,"key":"SMITH"},{"floor":28,"key":"REST"},{"data":"1","floor":32,"key":"LIFT"},{"floor":49,"key":"RECALL"},{"data":"2","floor":53,"key":"LIFT"}],"neow_cost":"NONE","seed_source_timestamp":194406842661502,"circlet_count":0,"master_deck":["AscendersBane","Defend_R+1","Defend_R+1","Defend_R+1","Bash+1","Inflame+1","Headbutt","Feed+1","Uppercut+1","Thunderclap+1","Pommel Strike+1","Disarm+1","Immolate+1","Shrug It Off+1","Reaper+1","Inflame","Flame Barrier+1","Pummel+1","Heavy Blade+1","Reaper+1","Iron Wave+1","Blood for Blood+1","Bludgeon+1","Offering+1","Shockwave+1","Heavy Blade+1","Inflame+1","Offering+1","Sword Boomerang+1","Evolve","Shrug It Off+1","Flame Barrier+1","Shrug It Off+1","Pummel+1","Impervious+1"],"relics":["Burning Blood","Molten Egg 2","Lantern","Darkstone Periapt","Velvet Choker","Sundial","Toxic Egg 2","Matryoshka","Girya","Paper Frog","Red Skull","Astrolabe","Incense Burner","Potion Belt","Self Forming Clay","Meat on the Bone","Boot","Bag of Preparation","War Paint"],"potions_floor_usage":[7,13,16,16,30,33,35,42,56,56,56],"damage_taken":[{"damage":2,"enemies":"Cultist","floor":1,"turns":4},{"damage":9,"enemies":"Jaw Worm","floor":2,"turns":4},{"damage":4,"enemies":"Small Slimes","floor":4,"turns":4},{"damage":21,"enemies":"Gremlin Gang","floor":7,"turns":6},{"damage":30,"enemies":"3 Sentries","floor":10,"turns":9},{"damage":6,"enemies":"3 Louse","floor":11,"turns":3},{"damage":3,"enemies":"Looter","floor":12,"turns":4},{"damage":36,"enemies":"Lagavulin","floor":13,"turns":7},{"damage":17,"enemies":"Large Slime","floor":14,"turns":6},{"damage":27,"enemies":"Hexaghost","floor":16,"turns":9},{"damage":10,"enemies":"Shell Parasite","floor":18,"turns":2},{"damage":9,"enemies":"2 Thieves","floor":21,"turns":3},{"damage":16,"enemies":"Centurion and Healer","floor":22,"turns":4},{"damage":43,"enemies":"Book of Stabbing","floor":23,"turns":5},{"damage":24,"enemies":"Slavers","floor":25,"turns":2},{"damage":26,"enemies":"Colosseum Slavers","floor":29,"turns":7},{"damage":5,"enemies":"Colosseum Nobs","floor":29,"turns":4},{"damage":5,"enemies":"Book of Stabbing","floor":30,"turns":3},{"damage":68,"enemies":"Automaton","floor":33,"turns":7},{"damage":18,"enemies":"3 Darklings","floor":35,"turns":6},{"damage":74,"enemies":"2 Orb Walkers","floor":38,"turns":4},{"damage":29,"enemies":"Orb Walker","floor":39,"turns":4},{"damage":14,"enemies":"Nemesis","floor":40,"turns":5},{"damage":24,"enemies":"Jaw Worm Horde","floor":41,"turns":5},{"damage":84,"enemies":"Reptomancer","floor":42,"turns":8},{"damage":49,"enemies":"Writhing Mass","floor":44,"turns":4},{"damage":93,"enemies":"Giant Head","floor":45,"turns":8},{"damage":6,"enemies":"Spire Growth","floor":46,"turns":2},{"damage":12,"enemies":"Transient","floor":47,"turns":6},{"damage":22,"enemies":"3 Darklings","floor":48,"turns":3},{"damage":100,"enemies":"Awakened One","floor":50,"turns":15},{"damage":63,"enemies":"Time Eater","floor":51,"turns":10},{"damage":21,"enemies":"Shield and Spear","floor":55,"turns":5},{"damage":147,"enemies":"The Heart","floor":56,"turns":9}],"seed_played":"-8207999876796582406","potions_obtained":[{"floor":1,"key":"PowerPotion"},{"floor":11,"key":"BloodPotion"},{"floor":12,"key":"Fire Potion"},{"floor":13,"key":"Regen Potion"},{"floor":22,"key":"Dexterity Potion"},{"floor":30,"key":"AttackPotion"},{"floor":33,"key":"Fruit Juice"},{"floor":35,"key":"Swift Potion"},{"floor":41,"key":"Explosive Potion"},{"floor":44,"key":"Strength Potion"},{"floor":45,"key":"SkillPotion"},{"floor":48,"key":"SteroidPotion"}],"is_trial":false,"path_per_floor":["M","M","?","M","$","R","M","R","T","E","M","M","E","M","R","B",null,"M","?","$","M","M","E","R","E","T","?","R","?","E","$","R","B",null,"M","$","?","?","M","E","M","E","T","M","E","M","M","M","R","B","B",null,"R","$","E","B",null],"character_chosen":"IRONCLAD","items_purchased":["Feed","Inflame","SteroidPotion","Heavy Blade+1","Offering+1","Bag of Preparation","Shrug It Off+1","Pummel+1"],"campfire_rested":1,"item_purchase_floors":[5,20,20,31,36,54,54,54],"current_hp_per_floor":[72,69,69,71,71,71,60,60,60,40,44,51,34,27,27,25,84,84,64,64,73,81,54,54,40,40,40,75,72,77,77,77,49,114,144,144,144,140,129,125,160,128,128,101,76,88,125,176,176,112,105,161,161,161,165,104],"gold":40,"neow_bonus":"HUNDRED_GOLD","is_prod":false,"is_daily":false,"chose_seed":false,"campfire_upgraded":4,"win_rate":0,"timestamp":1553042057,"path_taken":["M","?","?","M","$","R","M","R","T","E","M","M","E","M","R","BOSS","M","?","$","M","?","E","R","E","T","?","R","?","E","$","R","BOSS","M","$","?","?","M","E","M","E","T","M","E","M","M","M","R","BOSS","BOSS","R","$","E","BOSS"],"build_version":"2019-03-15","purchased_purges":3,"victory":true,"max_hp_per_floor":[75,75,75,75,75,75,79,79,79,83,87,91,95,99,99,103,103,107,107,107,111,115,115,115,119,119,119,119,127,131,131,131,135,135,144,144,144,148,152,156,160,164,164,168,172,172,172,176,176,180,180,180,180,180,180,184],"card_choices":[{"not_picked":["Armaments","Cleave"],"picked":"Inflame","floor":1},{"not_picked":["Intimidate","Second Wind"],"picked":"Armaments","floor":2},{"not_picked":["Havoc","Dropkick"],"picked":"Headbutt","floor":4},{"not_picked":["Clash","Headbutt"],"picked":"Uppercut","floor":7},{"not_picked":["True Grit","Entrench"],"picked":"Thunderclap+1","floor":10},{"not_picked":["Twin Strike+1","Reckless Charge+1"],"picked":"Pommel Strike+1","floor":11},{"not_picked":["Headbutt+1","Anger+1"],"picked":"Disarm","floor":12},{"not_picked":["Spot Weakness","Body Slam+1"],"picked":"Immolate+1","floor":13},{"not_picked":["Twin Strike+1","Inflame"],"picked":"Shrug It Off","floor":14},{"not_picked":["Limit Break","Brutality"],"picked":"Reaper+1","floor":16},{"not_picked":["Anger+1","Carnage+1","Fire Breathing"],"picked":"SKIP","floor":18},{"not_picked":["Headbutt+1","Body Slam+1","Rampage+1"],"picked":"SKIP","floor":21},{"not_picked":["Headbutt+1","Body Slam+1","Rampage+1"],"picked":"SKIP","floor":21},{"not_picked":["Armaments","Rage","Wild Strike+1"],"picked":"SKIP","floor":22},{"not_picked":["True Grit","Cleave+1","Headbutt+1"],"picked":"SKIP","floor":23},{"not_picked":["Sword Boomerang+1","Heavy Blade+1"],"picked":"Flame Barrier","floor":25},{"not_picked":["Power Through+1","Iron Wave+1"],"picked":"Pummel+1","floor":29},{"not_picked":["Rampage+1","Uppercut+1","Thunderclap+1"],"picked":"SKIP","floor":30},{"not_picked":["Barricade","Demon Form"],"picked":"Reaper+1","floor":33},{"not_picked":["Clash+1","Intimidate+1","Carnage+1"],"picked":"SKIP","floor":35},{"not_picked":["Reckless Charge+1","Headbutt+1"],"picked":"Shockwave+1","floor":38},{"not_picked":["Intimidate+1","True Grit+1"],"picked":"Heavy Blade+1","floor":39},{"not_picked":["Clothesline+1","Thunderclap+1"],"picked":"Inflame+1","floor":40},{"not_picked":["Clothesline+1","Havoc+1","Rampage+1"],"picked":"SKIP","floor":41},{"not_picked":["Uppercut+1","Flex+1"],"picked":"Offering+1","floor":42},{"not_picked":["Infernal Blade+1","True Grit+1"],"picked":"Sword Boomerang+1","floor":44},{"not_picked":["Headbutt+1","Armaments+1"],"picked":"Evolve","floor":45},{"not_picked":["Dropkick+1","Rampage+1"],"picked":"Shrug It Off+1","floor":46},{"not_picked":["Flex+1","Evolve","Bludgeon+1"],"picked":"SKIP","floor":47},{"not_picked":["Flex+1","Fire Breathing+1"],"picked":"Flame Barrier+1","floor":48},{"not_picked":["True Grit+1","Sever Soul+1"],"picked":"Impervious+1","floor":55}],"player_experience":5255044,"relics_obtained":[{"floor":9,"key":"Molten Egg 2"},{"floor":10,"key":"Lantern"},{"floor":13,"key":"Darkstone Periapt"},{"floor":23,"key":"Sundial"},{"floor":25,"key":"Toxic Egg 2"},{"floor":26,"key":"Matryoshka"},{"floor":29,"key":"Girya"},{"floor":29,"key":"Paper Frog"},{"floor":30,"key":"Red Skull"},{"floor":38,"key":"Incense Burner"},{"floor":40,"key":"Potion Belt"},{"floor":42,"key":"Self Forming Clay"},{"floor":43,"key":"Meat on the Bone"},{"floor":45,"key":"Boot"},{"floor":55,"key":"War Paint"}],"event_choices":[{"damage_healed":0,"gold_gain":0,"player_choice":"Grow","damage_taken":0,"max_hp_gain":0,"max_hp_loss":0,"event_name":"Living Wall","floor":3,"gold_loss":0,"cards_upgraded":["Bash"]},{"damage_healed":0,"gold_gain":90,"player_choice":"GOLD ","damage_taken":20,"max_hp_gain":0,"max_hp_loss":0,"event_name":"Knowing Skull","floor":19,"potions_obtained":[],"gold_loss":0,"cards_obtained":[]},{"damage_healed":0,"gold_gain":0,"player_choice":"Simplicity","damage_taken":0,"max_hp_gain":0,"max_hp_loss":0,"event_name":"Back to Basics","floor":27,"gold_loss":0,"cards_upgraded":["Strike_R","Strike_R","Strike_R","Defend_R","Defend_R","Defend_R","Defend_R"]},{"damage_healed":0,"gold_gain":0,"player_choice":"Fight","damage_taken":0,"max_hp_gain":0,"max_hp_loss":0,"event_name":"Colosseum","floor":29,"gold_loss":0},{"damage_healed":0,"gold_gain":0,"player_choice":"Fought Nobs","damage_taken":0,"max_hp_gain":0,"max_hp_loss":0,"event_name":"Colosseum","floor":29,"gold_loss":0},{"cards_removed":["Defend_R"],"damage_healed":0,"gold_gain":0,"player_choice":"Removed Skill","damage_taken":0,"max_hp_gain":0,"max_hp_loss":0,"event_name":"Falling","floor":37,"gold_loss":0},{"damage_healed":0,"gold_gain":0,"player_choice":"Fight","damage_taken":0,"max_hp_gain":0,"max_hp_loss":0,"event_name":"Mysterious Sphere","floor":38,"gold_loss":0}],"is_beta":true,"boss_relics":[{"not_picked":["Empty Cage","Pandora\u0027s Box"],"picked":"Velvet Choker"},{"not_picked":["Calling Bell","Coffee Dripper"],"picked":"Astrolabe"}],"items_purged_floors":[5,20,31],"is_endless":false,"potions_floor_spawned":[1,11,12,13,22,25,30,33,35,41,44,45,48],"ascension_level":20}