{"gold_per_floor":[119,139,156,156,156,156,181,181,235,160,178,178,208,218,218,295,295,310,326,337,252,12,12,31,31,31,44,72,72,72,107,107,178,178,193,193,17,0,0,30,30,62,62,89,107,107,119,130,130,130,130,130,130,8,8],"floor_reached":55,"playtime":4788,"items_purged":["Strike_B","Strike_B"],"score":2056,"play_id":"31ccb3db-c87d-4aa4-a46f-047899290071","local_time":"20190322165511","is_ascension_mode":true,"campfire_choices":[{"data":"Zap","floor":6,"key":"SMITH"},{"floor":8,"key":"REST"},{"data":"Leap","floor":15,"key":"SMITH"},{"floor":23,"key":"REST"},{"floor":25,"key":"REST"},{"floor":29,"key":"REST"},{"floor":32,"key":"REST"},{"floor":41,"key":"REST"},{"floor":46,"key":"RECALL"},{"floor":49,"key":"REST"},{"floor":53,"key":"REST"}],"neow_cost":"NONE","seed_source_timestamp":155486706555119,"circlet_count":0,"master_deck":["AscendersBane","Defend_B","Defend_B","Defend_B","Defend_B","Zap+1","Dualcast","Darkness","Cold Snap+1","Ball Lightning","Electrodynamics","Reinforced Body","Leap+1","Electrodynamics","Hologram","Echo Form","Capacitor","Buffer+1","Cold Snap+1","Buffer+1","Reprogram+1","Glacier","Master of Strategy","Compile Driver+1","Glacier","Hologram+1","Fission","Blizzard","BootSequence","Hologram","Finesse"],"relics":["Cracked Core","Lantern","Bag of Preparation","Vajra","Du-Vu Doll","Fusion Hammer","Cables","Whetstone","Frozen Egg 2","The Courier","Astrolabe","DataDisk","Red Mask","Calipers","Prayer Wheel"],"potions_floor_usage":[20,28,28,35,42,44],"damage_taken":[{"damage":1,"enemies":"Cultist","floor":1,"turns":3},{"damage":0,"enemies":"Small Slimes","floor":2,"turns":3},{"damage":2,"enemies":"2 Louse","floor":3,"turns":2},{"damage":37,"enemies":"3 Sentries","floor":7,"turns":8},{"damage":0,"enemies":"Large Slime","floor":11,"turns":3},{"damage":13,"enemies":"Lagavulin","floor":13,"turns":7},{"damage":0,"enemies":"Blue Slaver","floor":14,"turns":2},{"damage":4,"enemies":"The Guardian","floor":16,"turns":13},{"damage":19,"enemies":"Shell Parasite","floor":18,"turns":4},{"damage":15,"enemies":"Spheric Guardian","floor":19,"turns":4},{"damage":20,"enemies":"Chosen and Byrds","floor":20,"turns":5},{"damage":0,"enemies":"3 Cultists","floor":24,"turns":2},{"damage":17,"enemies":"Shelled Parasite and Fungi","floor":27,"turns":6},{"damage":19,"enemies":"Gremlin Leader","floor":28,"turns":5},{"damage":5,"enemies":"Slavers","floor":31,"turns":2},{"damage":44,"enemies":"Automaton","floor":33,"turns":9},{"damage":18,"enemies":"3 Darklings","floor":35,"turns":3},{"damage":0,"enemies":"Reptomancer","floor":40,"turns":7},{"damage":28,"enemies":"Nemesis","floor":42,"turns":11},{"damage":16,"enemies":"Reptomancer","floor":44,"turns":11},{"damage":0,"enemies":"3 Shapes","floor":45,"turns":4},{"damage":17,"enemies":"Jaw Worm Horde","floor":47,"turns":3},{"damage":0,"enemies":"Spire Growth","floor":48,"turns":8},{"damage":0,"enemies":"Time Eater","floor":50,"turns":23},{"damage":24,"enemies":"Donu and Deca","floor":51,"turns":17},{"damage":78,"enemies":"Shield and Spear","floor":55,"turns":8}],"seed_played":"-5008715972008441449","potions_obtained":[{"floor":3,"key":"SmokeBomb"},{"floor":7,"key":"EntropicBrew"},{"floor":11,"key":"Poison Potion"},{"floor":14,"key":"Dexterity Potion"},{"floor":27,"key":"Fire Potion"},{"floor":33,"key":"EssenceOfSteel"},{"floor":35,"key":"Regen Potion"},{"floor":42,"key":"Dexterity Potion"},{"floor":45,"key":"SpeedPotion"}],"is_trial":false,"path_per_floor":["M","M","M","?","?","R","E","R","T","$","M","?","E","M","R","B",null,"M","M","M","?","$","R","M","R","T","M","E","R","?","E","R","B",null,"M","?","$","?","$","E","R","E","T","E","M","R","M","M","R","B","B",null,"R","$","E"],"character_chosen":"DEFECT","items_purchased":["Echo Form","Poison Potion","DataDisk","Block Potion","Hologram","Finesse"],"campfire_rested":8,"item_purchase_floors":[22,22,37,37,54,54],"current_hp_per_floor":[70,70,68,68,50,50,13,36,36,36,36,36,23,23,23,19,63,44,29,9,9,9,32,32,55,55,38,19,42,42,37,60,16,63,45,45,45,45,45,45,68,55,55,39,39,39,22,22,45,45,21,64,78,78,0],"gold":8,"neow_bonus":"TEN_PERCENT_HP_BONUS","is_prod":false,"is_daily":false,"chose_seed":false,"campfire_upgraded":2,"win_rate":0,"timestamp":1553298911,"path_taken":["M","?","M","?","?","R","E","R","T","$","M","?","E","M","R","BOSS","M","M","M","?","$","R","M","R","T","M","E","R","?","E","R","BOSS","M","?","$","?","?","E","R","E","T","E","M","R","M","M","R","BOSS","BOSS","R","$","E"],"build_version":"2019-03-15","purchased_purges":2,"victory":false,"max_hp_per_floor":[78,78,78,78,78,78,78,78,78,78,78,78,78,78,78,78,78,78,78,78,78,78,78,78,78,78,78,78,78,78,78,78,78,78,78,78,78,78,78,78,78,78,78,78,78,78,78,78,78,78,78,78,78,78,78],"card_choices":[{"not_picked":["Barrage","Gash"],"picked":"Darkness","floor":1},{"not_picked":["Redo","Rebound"],"picked":"Cold Snap","floor":2},{"not_picked":["Fusion","Leap"],"picked":"Ball Lightning","floor":3},{"not_picked":["Genetic Algorithm","Barrage"],"picked":"Electrodynamics","floor":7},{"not_picked":["Cold Snap","Scrape"],"picked":"Reinforced Body","floor":11},{"not_picked":["Storm","Ball Lightning","Rebound"],"picked":"SKIP","floor":13},{"not_picked":["Rip and Tear","Stack"],"picked":"Leap","floor":14},{"not_picked":["Rainbow","All For One"],"picked":"Electrodynamics","floor":16},{"not_picked":["Redo","Go for the Eyes"],"picked":"Cold Snap","floor":18},{"not_picked":["Compile Driver","Rebound"],"picked":"Hologram","floor":19},{"not_picked":["Steam Power","Turbo","Go for the Eyes"],"picked":"SKIP","floor":20},{"not_picked":["Static Discharge","Recycle","Turbo+1"],"picked":"SKIP","floor":24},{"not_picked":["Stack","Rebound"],"picked":"Capacitor","floor":27},{"not_picked":["Lockon","Sweeping Beam","Aggregate"],"picked":"SKIP","floor":28},{"not_picked":["Turbo+1","Hologram"],"picked":"Buffer+1","floor":31},{"not_picked":["Reprogram","Sunder"],"picked":"Glacier","floor":35},{"not_picked":["Impatience","Deep Breath"],"picked":"Master of Strategy","floor":36},{"not_picked":["Rebound","Recycle"],"picked":"Compile Driver+1","floor":40},{"not_picked":["Melter","Turbo+1"],"picked":"Glacier","floor":42},{"not_picked":["Conserve Battery","Chaos+1","Redo"],"picked":"SKIP","floor":45},{"not_picked":["Beam Cell","Chill","Auto Shields"],"picked":"SKIP","floor":45},{"not_picked":["Sweeping Beam","Streamline"],"picked":"Hologram+1","floor":47},{"not_picked":["Recycle","Gash"],"picked":"Fission","floor":47},{"not_picked":["Compile Driver","Undo"],"picked":"Blizzard","floor":48},{"not_picked":["Hello World+1","Turbo"],"picked":"BootSequence","floor":48}],"player_experience":5298703,"relics_obtained":[{"floor":7,"key":"Bag of Preparation"},{"floor":9,"key":"Vajra"},{"floor":13,"key":"Du-Vu Doll"},{"floor":26,"key":"Whetstone"},{"floor":28,"key":"Frozen Egg 2"},{"floor":31,"key":"The Courier"},{"floor":40,"key":"Calipers"},{"floor":44,"key":"Prayer Wheel"}],"event_choices":[{"damage_healed":0,"gold_gain":0,"player_choice":"Ignored","damage_taken":0,"max_hp_gain":0,"max_hp_loss":0,"event_name":"Liars Game","floor":4,"gold_loss":0},{"damage_healed":0,"gold_gain":0,"player_choice":"Success","damage_taken":18,"relics_obtained":["Lantern"],"max_hp_gain":0,"max_hp_loss":0,"event_name":"Scrap Ooze","floor":5,"gold_loss":0},{"damage_healed":0,"gold_gain":0,"player_choice":"Ignored","damage_taken":0,"max_hp_gain":0,"max_hp_loss":0,"event_name":"Shining Light","floor":12,"gold_loss":0},{"damage_healed":0,"gold_gain":0,"player_choice":"Obtained Relic","damage_taken":0,"relics_obtained":["Cables"],"max_hp_gain":0,"max_hp_loss":0,"event_name":"Addict","floor":21,"gold_loss":85},{"damage_healed":0,"gold_gain":0,"player_choice":"Ignored","damage_taken":0,"max_hp_gain":0,"max_hp_loss":0,"event_name":"Beggar","floor":30,"gold_loss":0},{"damage_healed":0,"gold_gain":0,"player_choice":"Memory 1","damage_taken":0,"max_hp_gain":0,"max_hp_loss":0,"event_name":"SensoryStone","floor":36,"gold_loss":0},{"damage_healed":0,"gold_gain":0,"player_choice":"Paid","damage_taken":0,"relics_obtained":["Red Mask"],"max_hp_gain":0,"max_hp_loss":0,"event_name":"Tomb of Lord Red Mask","floor":38,"gold_loss":17}],"is_beta":true,"boss_relics":[{"not_picked":["Eternal Feather","Tiny House"],"picked":"Fusion Hammer"},{"not_picked":["Nuclear Battery","Empty Cage"],"picked":"Astrolabe"}],"items_purged_floors":[10,22],"is_endless":false,"potions_floor_spawned":[3,7,11,14,16,18,27,33,35,42,45,47],"killed_by":"Shield and Spear","ascension_level":20}