{"gold_per_floor":[363,363,379,394,176,176,209,227,252,282,282,299,56,71,71,144,144,163,163,183,199,210,210,230,230,255,255,270,296,296,307,307,379,379,396,186,204,216,232,264,264,291,345,269,269,285,208,220,220,220,220],"floor_reached":51,"playtime":4624,"items_purged":["Writhe","Strike_G"],"score":1536,"play_id":"793abb13-18bc-46bc-b810-eb66e746ad19","local_time":"20190320122526","is_ascension_mode":true,"campfire_choices":[{"data":"Noxious Fumes","floor":6,"key":"SMITH"},{"data":"Corpse Explosion","floor":11,"key":"SMITH"},{"data":"Caltrops","floor":15,"key":"SMITH"},{"floor":23,"key":"REST"},{"floor":25,"key":"REST"},{"data":"Wraith Form v2","floor":30,"key":"SMITH"},{"floor":32,"key":"REST"},{"data":"Corpse Explosion","floor":41,"key":"SMITH"},{"data":"Leg Sweep","floor":45,"key":"SMITH"},{"floor":49,"key":"RECALL"}],"neow_cost":"CURSE","seed_source_timestamp":262325694611495,"circlet_count":0,"master_deck":["AscendersBane","Defend_G","Defend_G","Defend_G","Defend_G","Defend_G","Strike_G","Survivor","Neutralize","Quick Slash","Caltrops+1","Noxious Fumes+1","Backflip","Corpse Explosion+1","Calculated Gamble","Well Laid Plans","Cloak And Dagger","Wraith Form v2+1","Acrobatics","Quick Slash","Backflip","PiercingWail","Deadly Poison+1","Corpse Explosion+1","Storm of Steel+1","Bouncing Flask+1","Riddle With Holes+1","PiercingWail","Well Laid Plans+1","Calculated Gamble","Noxious Fumes+1","Deadly Poison+1","Leg Sweep+1","Blur","Catalyst","Backflip+1"],"relics":["Ring of the Snake","NlothsMask","Orichalcum","Snake Skull","Centennial Puzzle","Velvet Choker","Vajra","Frozen Egg 2","Astrolabe","Pear"],"potions_floor_usage":[7,8,10,22,31,31,40,50],"damage_taken":[{"damage":1,"enemies":"Small Slimes","floor":1,"turns":5},{"damage":0,"enemies":"Cultist","floor":3,"turns":3},{"damage":2,"enemies":"Jaw Worm","floor":4,"turns":5},{"damage":24,"enemies":"Gremlin Nob","floor":7,"turns":4},{"damage":3,"enemies":"2 Fungi Beasts","floor":8,"turns":5},{"damage":26,"enemies":"3 Sentries","floor":10,"turns":8},{"damage":0,"enemies":"Lots of Slimes","floor":12,"turns":1},{"damage":3,"enemies":"Exordium Thugs","floor":14,"turns":4},{"damage":8,"enemies":"Hexaghost","floor":16,"turns":8},{"damage":12,"enemies":"2 Thieves","floor":18,"turns":3},{"damage":14,"enemies":"Spheric Guardian","floor":20,"turns":6},{"damage":2,"enemies":"Centurion and Healer","floor":21,"turns":6},{"damage":3,"enemies":"3 Cultists","floor":22,"turns":4},{"damage":8,"enemies":"Snecko","floor":24,"turns":6},{"damage":0,"enemies":"Cultist and Chosen","floor":28,"turns":4},{"damage":17,"enemies":"Book of Stabbing","floor":29,"turns":5},{"damage":5,"enemies":"Snake Plant","floor":31,"turns":3},{"damage":8,"enemies":"Champ","floor":33,"turns":12},{"damage":0,"enemies":"3 Darklings","floor":35,"turns":4},{"damage":0,"enemies":"3 Shapes","floor":37,"turns":4},{"damage":0,"enemies":"Jaw Worm Horde","floor":38,"turns":4},{"damage":0,"enemies":"Maw","floor":39,"turns":7},{"damage":0,"enemies":"Nemesis","floor":40,"turns":7},{"damage":8,"enemies":"Giant Head","floor":42,"turns":7},{"damage":13,"enemies":"Transient","floor":46,"turns":6},{"damage":0,"enemies":"Sphere and 2 Shapes","floor":48,"turns":4},{"damage":9,"enemies":"Time Eater","floor":50,"turns":8},{"damage":80,"enemies":"Awakened One","floor":51,"turns":12}],"seed_played":"1639545339653321798","potions_obtained":[{"floor":7,"key":"Explosive Potion"},{"floor":8,"key":"LiquidBronze"},{"floor":12,"key":"SteroidPotion"},{"floor":14,"key":"EssenceOfSteel"},{"floor":16,"key":"Fire Potion"},{"floor":21,"key":"PowerPotion"},{"floor":28,"key":"Fire Potion"},{"floor":33,"key":"SkillPotion"},{"floor":37,"key":"SteroidPotion"},{"floor":39,"key":"PowerPotion"},{"floor":40,"key":"Strength Potion"}],"is_trial":false,"path_per_floor":["M","?","M","M","$","R","E","M","T","E","R","M","$","M","R","B",null,"M","?","M","M","M","R","M","R","T","?","M","E","R","M","R","B",null,"M","$","M","M","M","E","R","E","T","$","R","M","$","M","R","B","B"],"character_chosen":"THE_SILENT","items_purchased":["AttackPotion","Regen Potion","Well Laid Plans","Centennial Puzzle","PiercingWail","Well Laid Plans+1","Leg Sweep","Catalyst"],"campfire_rested":3,"item_purchase_floors":[5,5,13,13,36,36,44,47],"current_hp_per_floor":[58,58,58,56,56,56,32,44,44,18,18,18,18,15,15,7,51,39,21,7,5,2,23,15,36,36,36,36,19,19,14,35,27,60,60,60,60,60,60,70,70,62,62,62,62,49,49,49,49,40,0],"gold":220,"neow_bonus":"TWO_FIFTY_GOLD","is_prod":false,"is_daily":false,"chose_seed":false,"campfire_upgraded":6,"win_rate":0,"timestamp":1553109926,"path_taken":["M","?","?","?","$","R","E","M","T","E","R","M","$","M","R","BOSS","M","?","M","M","M","R","M","R","T","?","M","E","R","M","R","BOSS","M","?","M","M","M","E","R","E","T","$","R","?","$","M","R","BOSS","BOSS"],"build_version":"2019-03-15","purchased_purges":2,"victory":false,"max_hp_per_floor":[66,66,66,66,66,66,66,66,66,66,66,66,66,66,66,66,66,66,71,71,71,71,71,71,71,71,71,71,71,71,71,71,71,71,71,71,71,71,71,81,81,81,81,81,81,81,81,81,81,81,81],"card_choices":[{"not_picked":["Cloak And Dagger","Accuracy"],"picked":"Quick Slash","floor":1},{"not_picked":["Dodge and Roll","Flying Knee"],"picked":"Caltrops","floor":3},{"not_picked":["Leg Sweep","Flying Knee"],"picked":"Noxious Fumes","floor":4},{"not_picked":["Heel Hook","Masterful Stab","Accuracy"],"picked":"SKIP","floor":7},{"not_picked":["Flying Knee","Eviscerate"],"picked":"Backflip","floor":8},{"not_picked":["Masterful Stab","Tactician"],"picked":"Corpse Explosion","floor":10},{"not_picked":["Reflex","Noxious Fumes"],"picked":"Calculated Gamble","floor":12},{"not_picked":["Bane","Endless Agony"],"picked":"Cloak And Dagger","floor":14},{"not_picked":["Malaise","Venomology"],"picked":"Wraith Form v2","floor":16},{"not_picked":["Deflect","Dagger Throw"],"picked":"Acrobatics","floor":18},{"not_picked":["Flying Knee+1","Caltrops","Cloak And Dagger"],"picked":"SKIP","floor":20},{"not_picked":["Underhanded Strike","Die Die Die","Reflex"],"picked":"SKIP","floor":21},{"not_picked":["Concentrate","Quick Slash","Outmaneuver"],"picked":"SKIP","floor":22},{"not_picked":["Masterful Stab","Slice","Cloak And Dagger"],"picked":"SKIP","floor":24},{"not_picked":["Prepared","Acrobatics"],"picked":"Backflip","floor":28},{"not_picked":["Deflect","Grand Finale"],"picked":"PiercingWail","floor":29},{"not_picked":["Flying Knee","Slice"],"picked":"Deadly Poison+1","floor":31},{"not_picked":["Tools of the Trade+1","Storm of Steel"],"picked":"Corpse Explosion","floor":33},{"not_picked":["Slice","Bane","Dagger Throw+1"],"picked":"SKIP","floor":35},{"not_picked":["Flying Knee","Skewer+1"],"picked":"Calculated Gamble","floor":37},{"not_picked":["Deflect","Accuracy+1","Infinite Blades+1"],"picked":"SKIP","floor":38},{"not_picked":["Reflex+1","Masterful Stab","Slice+1"],"picked":"SKIP","floor":39},{"not_picked":["Reflex+1","Masterful Stab","Slice+1"],"picked":"SKIP","floor":39},{"not_picked":["Flying Knee","Prepared+1"],"picked":"Noxious Fumes+1","floor":40},{"not_picked":["Blur+1","Concentrate"],"picked":"Deadly Poison+1","floor":42},{"not_picked":["Prepared+1","Bane"],"picked":"Blur","floor":46},{"not_picked":["Bouncing Flask","Cloak And Dagger+1"],"picked":"Backflip+1","floor":48}],"player_experience":5259694,"relics_obtained":[{"floor":7,"key":"Orichalcum"},{"floor":10,"key":"Snake Skull"},{"floor":26,"key":"Vajra"},{"floor":29,"key":"Frozen Egg 2"},{"floor":40,"key":"Pear"}],"event_choices":[{"damage_healed":0,"gold_gain":0,"player_choice":"Trade","damage_taken":0,"relics_obtained":["NlothsMask"],"max_hp_gain":0,"max_hp_loss":0,"event_name":"FaceTrader","floor":2,"gold_loss":0},{"damage_healed":0,"gold_gain":0,"player_choice":"Shed Blood","damage_taken":23,"max_hp_gain":5,"max_hp_loss":0,"event_name":"Forgotten Altar","floor":19,"gold_loss":0},{"damage_healed":0,"gold_gain":0,"player_choice":"1 cards matched","damage_taken":0,"max_hp_gain":0,"max_hp_loss":0,"event_name":"Match and Keep!","floor":27,"gold_loss":0,"cards_obtained":["Quick Slash"]}],"is_beta":true,"boss_relics":[{"not_picked":["HoveringKite","White Beast Statue"],"picked":"Velvet Choker"},{"not_picked":["Snecko Eye","Busted Crown"],"picked":"Astrolabe"}],"items_purged_floors":[5,36],"is_endless":false,"potions_floor_spawned":[7,8,12,14,16,21,28,29,33,37,39,40,46],"killed_by":"Awakened One","ascension_level":20}