{"gold_per_floor":[218,5,5,5,25,25,56,56,83,83,110,6,22,55,55,55],"floor_reached":16,"playtime":716,"items_purged":["Strike_G"],"score":232,"play_id":"86c94322-7aa0-4b8d-9882-b2d0d5463340","local_time":"20190321142509","is_ascension_mode":true,"campfire_choices":[{"floor":6,"key":"REST"},{"data":"Neutralize","floor":8,"key":"SMITH"},{"floor":10,"key":"REST"},{"floor":15,"key":"REST"}],"neow_cost":"NONE","seed_source_timestamp":64153407544589,"circlet_count":0,"master_deck":["AscendersBane","Defend_G","Defend_G","Defend_G","Defend_G","Defend_G","Strike_G","Strike_G","Strike_G","Strike_G","Survivor","Neutralize+1","Dagger Throw","Bane","Quick Slash","Deadly Poison","Caltrops"],"relics":["Ring of the Snake","Bronze Scales","Pen Nib","Shuriken","Bag of Marbles","The Courier","Meat on the Bone"],"potions_floor_usage":[7,14,14,16],"damage_taken":[{"damage":7,"enemies":"Small Slimes","floor":1,"turns":5},{"damage":7,"enemies":"Jaw Worm","floor":5,"turns":4},{"damage":31,"enemies":"Gremlin Nob","floor":7,"turns":4},{"damage":14,"enemies":"3 Sentries","floor":11,"turns":9},{"damage":0,"enemies":"Cultist","floor":13,"turns":2},{"damage":9,"enemies":"Lagavulin","floor":14,"turns":5},{"damage":22,"enemies":"The Guardian","floor":16,"turns":8}],"seed_played":"-1427419757525665410","potions_obtained":[{"floor":11,"key":"Swift Potion"},{"floor":14,"key":"Poison Potion"}],"is_trial":false,"path_per_floor":["M","$","?","?","M","R","E","R","T","R","E","$","M","E","R","B"],"character_chosen":"THE_SILENT","items_purchased":["Bronze Scales","Poison Potion","Poison Potion"],"campfire_rested":3,"item_purchase_floors":[2,2,12],"current_hp_per_floor":[52,52,52,26,19,38,7,7,7,26,12,12,12,3,22,0],"gold":55,"neow_bonus":"HUNDRED_GOLD","is_prod":false,"is_daily":false,"chose_seed":false,"campfire_upgraded":1,"win_rate":0,"timestamp":1553203509,"path_taken":["M","$","?","?","M","R","E","R","T","R","E","?","?","E","R","BOSS"],"build_version":"2019-03-15","purchased_purges":1,"victory":false,"max_hp_per_floor":[66,66,66,66,66,66,66,66,66,66,66,66,66,66,66,66],"card_choices":[{"not_picked":["PiercingWail","Dagger Spray"],"picked":"Dagger Throw","floor":1},{"not_picked":["Endless Agony","Backflip"],"picked":"Bane","floor":5},{"not_picked":["Deflect","Prepared"],"picked":"Quick Slash","floor":7},{"not_picked":["Riddle With Holes","Catalyst","Outmaneuver"],"picked":"SKIP","floor":11},{"not_picked":["Deflect","Caltrops"],"picked":"Deadly Poison","floor":13},{"not_picked":["Masterful Stab","Storm of Steel"],"picked":"Caltrops","floor":14}],"player_experience":5282743,"relics_obtained":[{"floor":7,"key":"Shuriken"},{"floor":9,"key":"Bag of Marbles"},{"floor":11,"key":"The Courier"},{"floor":14,"key":"Meat on the Bone"}],"event_choices":[{"damage_healed":0,"gold_gain":0,"player_choice":"Leave","damage_taken":0,"max_hp_gain":0,"max_hp_loss":0,"event_name":"The Cleric","floor":3,"gold_loss":0},{"damage_healed":0,"gold_gain":0,"player_choice":"Success","damage_taken":26,"relics_obtained":["Pen Nib"],"max_hp_gain":0,"max_hp_loss":0,"event_name":"Scrap Ooze","floor":4,"gold_loss":0}],"is_beta":true,"boss_relics":[],"items_purged_floors":[12],"is_endless":false,"potions_floor_spawned":[11,14],"killed_by":"The Guardian","ascension_level":20}