{"gold_per_floor":[119,138,150,225,225,225,259,259,259,259,259,294,51,69,69,69],"floor_reached":16,"playtime":899,"items_purged":["Strike_R"],"score":216,"play_id":"cf6ff363-c921-4944-a85f-c4b37ac10fcb","local_time":"20190327124709","is_ascension_mode":true,"campfire_choices":[{"data":"Bash","floor":6,"key":"SMITH"},{"data":"Rage","floor":8,"key":"SMITH"},{"floor":10,"key":"REST"},{"data":"Evolve","floor":15,"key":"SMITH"}],"neow_cost":"NONE","seed_source_timestamp":66991292006520,"circlet_count":0,"master_deck":["AscendersBane","Strike_R","Strike_R","Strike_R","Defend_R","Defend_R","Defend_R","Defend_R","Bash+1","Pommel Strike","Headbutt","Rage+1","Impervious","Sword Boomerang","Battle Trance","Evolve+1"],"relics":["Burning Blood","NeowsBlessing","Incense Burner","Paper Frog"],"potions_floor_usage":[7,16],"damage_taken":[{"damage":0,"enemies":"Cultist","floor":1,"turns":1},{"damage":0,"enemies":"2 Louse","floor":2,"turns":1},{"damage":0,"enemies":"Small Slimes","floor":3,"turns":1},{"damage":43,"enemies":"3 Sentries","floor":7,"turns":12},{"damage":17,"enemies":"Lagavulin","floor":12,"turns":8},{"damage":6,"enemies":"Blue Slaver","floor":14,"turns":7},{"damage":34,"enemies":"Hexaghost","floor":16,"turns":12}],"seed_played":"673063063286171812","potions_obtained":[{"floor":3,"key":"FearPotion"},{"floor":14,"key":"Dexterity Potion"}],"is_trial":false,"path_per_floor":["M","M","M","?","?","R","E","R","T","R","?","E","$","M","R","B"],"character_chosen":"IRONCLAD","items_purchased":["Battle Trance","Evolve"],"campfire_rested":1,"item_purchase_floors":[13,13],"current_hp_per_floor":[74,75,75,64,64,64,27,27,27,49,42,31,31,31,31,0],"gold":69,"neow_bonus":"THREE_ENEMY_KILL","is_prod":false,"is_daily":false,"chose_seed":false,"campfire_upgraded":3,"win_rate":0,"timestamp":1553716029,"path_taken":["M","M","?","?","?","R","E","R","T","R","?","E","$","?","R","BOSS"],"build_version":"2019-03-15","purchased_purges":1,"victory":false,"max_hp_per_floor":[75,75,75,75,75,75,75,75,75,75,75,75,75,75,75,75],"card_choices":[{"not_picked":["Shockwave","Dropkick"],"picked":"Pommel Strike","floor":1},{"not_picked":["Body Slam","Rupture"],"picked":"Headbutt","floor":2},{"not_picked":["Sword Boomerang","Bloodletting"],"picked":"Rage","floor":3},{"not_picked":["Thunderclap","Iron Wave"],"picked":"Impervious","floor":7},{"not_picked":["Blood for Blood","Pummel"],"picked":"Sword Boomerang","floor":12},{"not_picked":["Entrench","Iron Wave","Intimidate"],"picked":"SKIP","floor":14}],"player_experience":5349706,"relics_obtained":[{"floor":7,"key":"Incense Burner"},{"floor":12,"key":"Paper Frog"}],"event_choices":[{"damage_healed":0,"gold_gain":75,"player_choice":"Gather Gold","damage_taken":11,"max_hp_gain":0,"max_hp_loss":0,"event_name":"World of Goop","floor":4,"gold_loss":0},{"damage_healed":0,"gold_gain":0,"player_choice":"Ignored","damage_taken":0,"max_hp_gain":0,"max_hp_loss":0,"event_name":"Liars Game","floor":5,"gold_loss":0},{"cards_removed":["Strike_R"],"damage_healed":0,"gold_gain":0,"player_choice":"Card Removal","damage_taken":7,"max_hp_gain":0,"max_hp_loss":0,"event_name":"Golden Wing","floor":11,"gold_loss":0}],"is_beta":true,"boss_relics":[],"items_purged_floors":[13],"is_endless":false,"potions_floor_spawned":[3,14],"killed_by":"Hexaghost","ascension_level":20}