{"gold_per_floor":[119,139,154,154,168,168,182,182,205,101,101,14,44,59,59,132,132,149,162,77,77,89,89,124,142,142,157,168,168,200,200,200,273,273,292,307,326,339,349,349,369,369,369,469,469,487,517,442,442,442],"floor_reached":50,"playtime":5459,"items_purged":["Strike_R"],"score":1136,"play_id":"c147181e-92bf-4a2e-bf27-cfbed4baeca1","local_time":"20190330133012","is_ascension_mode":true,"campfire_choices":[{"data":"Wild Strike","floor":6,"key":"SMITH"},{"data":"Body Slam","floor":8,"key":"SMITH"},{"data":"Feel No Pain","floor":11,"key":"SMITH"},{"data":"Combust","floor":15,"key":"SMITH"},{"floor":23,"key":"REST"},{"floor":29,"key":"REST"},{"data":"Limit Break","floor":32,"key":"SMITH"},{"floor":40,"key":"REST"},{"floor":45,"key":"RECALL"},{"data":"Feel No Pain","floor":49,"key":"SMITH"}],"neow_cost":"NONE","seed_source_timestamp":1393574215452,"circlet_count":0,"master_deck":["AscendersBane","Defend_R","Defend_R","Defend_R","Defend_R","Bash","Second Wind","Shrug It Off","Shockwave","Thunderclap","Dark Embrace","Wild Strike+1","Body Slam+1","Feel No Pain+1","Shrug It Off","Combust+1","Exhume","Headbutt","Reaper","Inflame+1","Limit Break+1","Reckless Charge","Armaments","Sword Boomerang+1","Battle Trance","Offering","Power Through+1","Immolate","Impervious","Headbutt","Havoc","Evolve+1","Shockwave","Feel No Pain+1","Shrug It Off+1","Metallicize+1"],"relics":["Burning Blood","Strawberry","Bag of Preparation","Sozu","Ancient Tea Set","Omamori","Mercury Hourglass","Mango","Black Star","Calipers","Oddly Smooth Stone","Singing Bowl"],"potions_floor_usage":[7,22,25],"damage_taken":[{"damage":11,"enemies":"Jaw Worm","floor":1,"turns":4},{"damage":3,"enemies":"Cultist","floor":2,"turns":4},{"damage":1,"enemies":"Small Slimes","floor":3,"turns":4},{"damage":7,"enemies":"Blue Slaver","floor":5,"turns":5},{"damage":15,"enemies":"Exordium Thugs","floor":7,"turns":5},{"damage":4,"enemies":"3 Sentries","floor":13,"turns":12},{"damage":5,"enemies":"Large Slime","floor":14,"turns":6},{"damage":29,"enemies":"Slime Boss","floor":16,"turns":10},{"damage":3,"enemies":"3 Byrds","floor":18,"turns":3},{"damage":20,"enemies":"Spheric Guardian","floor":19,"turns":6},{"damage":42,"enemies":"Snecko","floor":22,"turns":9},{"damage":77,"enemies":"Slavers","floor":24,"turns":5},{"damage":0,"enemies":"Centurion and Healer","floor":25,"turns":6},{"damage":16,"enemies":"Shelled Parasite and Fungi","floor":27,"turns":6},{"damage":14,"enemies":"Sentry and Sphere","floor":28,"turns":5},{"damage":12,"enemies":"Gremlin Leader","floor":30,"turns":7},{"damage":54,"enemies":"Automaton","floor":33,"turns":7},{"damage":8,"enemies":"3 Shapes","floor":35,"turns":4},{"damage":7,"enemies":"Orb Walker","floor":36,"turns":4},{"damage":64,"enemies":"Spire Growth","floor":37,"turns":6},{"damage":6,"enemies":"Jaw Worm Horde","floor":38,"turns":2},{"damage":52,"enemies":"Transient","floor":39,"turns":6},{"damage":41,"enemies":"Spire Growth","floor":41,"turns":5},{"damage":33,"enemies":"Mind Bloom Boss Battle","floor":44,"turns":9},{"damage":26,"enemies":"Writhing Mass","floor":46,"turns":5},{"damage":47,"enemies":"Giant Head","floor":47,"turns":6},{"damage":107,"enemies":"Awakened One","floor":50,"turns":8}],"seed_played":"-9069044305580988439","potions_obtained":[{"floor":2,"key":"Weak Potion"},{"floor":3,"key":"Dexterity Potion"},{"floor":7,"key":"Block Potion"},{"floor":13,"key":"PowerPotion"}],"is_trial":false,"path_per_floor":["M","M","M","?","M","R","M","R","T","$","R","$","E","M","R","B",null,"M","M","?","?","M","R","E","M","T","M","M","R","E","?","R","B",null,"M","M","M","M","M","R","M","?","T","?","R","M","E","$","R","B"],"character_chosen":"IRONCLAD","items_purchased":["Feel No Pain","Shrug It Off","Combust"],"campfire_rested":3,"item_purchase_floors":[10,10,12],"current_hp_per_floor":[63,66,71,71,70,70,61,61,68,68,68,68,70,71,71,48,74,82,68,68,68,36,60,11,47,47,43,43,67,91,91,91,43,83,82,87,39,39,18,46,31,31,31,96,96,95,98,98,98,0],"gold":442,"neow_bonus":"TRANSFORM_CARD","is_prod":false,"is_daily":false,"chose_seed":false,"campfire_upgraded":6,"win_rate":0,"timestamp":1553977812,"path_taken":["M","M","M","?","M","R","M","R","T","$","R","$","E","M","R","BOSS","M","?","?","?","M","R","E","M","T","M","?","R","E","?","R","BOSS","M","?","M","?","M","R","M","?","T","?","R","M","E","$","R","BOSS"],"build_version":"2019-03-15","purchased_purges":1,"victory":false,"max_hp_per_floor":[75,75,75,75,75,75,75,75,82,82,82,82,82,82,82,82,82,82,82,82,82,82,82,82,82,82,82,82,82,96,96,96,96,96,96,96,96,96,96,96,96,96,96,96,96,96,98,98,98,98],"card_choices":[{"not_picked":["Dropkick","Rupture"],"picked":"Shrug It Off","floor":1},{"not_picked":["Rupture","Clash"],"picked":"Shockwave","floor":2},{"not_picked":["Havoc","Flex"],"picked":"Thunderclap","floor":3},{"not_picked":["Thunderclap","Seeing Red"],"picked":"Wild Strike","floor":5},{"not_picked":["Flex","Second Wind"],"picked":"Body Slam","floor":7},{"not_picked":["Evolve","Armaments"],"picked":"Exhume","floor":13},{"not_picked":["Clash","Clothesline"],"picked":"Headbutt","floor":14},{"not_picked":["Double Tap","Bludgeon"],"picked":"Reaper","floor":16},{"not_picked":["Twin Strike","Warcry","Evolve"],"picked":"SKIP","floor":18},{"not_picked":["Rage","Uppercut"],"picked":"Inflame","floor":19},{"not_picked":["Body Slam","Clash"],"picked":"Armaments","floor":22},{"not_picked":["Anger","Whirlwind"],"picked":"Sword Boomerang+1","floor":24},{"not_picked":["Wild Strike","Thunderclap"],"picked":"Battle Trance","floor":25},{"not_picked":["Fire Breathing","Heavy Blade"],"picked":"Offering","floor":27},{"not_picked":["Cleave+1","Armaments"],"picked":"Power Through+1","floor":28},{"not_picked":["Heavy Blade","Perfected Strike"],"picked":"Immolate","floor":30},{"not_picked":["Feed","Barricade"],"picked":"Impervious","floor":33},{"not_picked":["Clash","Heavy Blade"],"picked":"Headbutt","floor":35},{"not_picked":["Body Slam","Flex"],"picked":"Havoc","floor":36},{"not_picked":["Twin Strike+1","Headbutt+1"],"picked":"Evolve+1","floor":37},{"not_picked":["Combust","Body Slam"],"picked":"Shockwave","floor":38},{"not_picked":["Fire Breathing+1","Power Through"],"picked":"Feel No Pain","floor":39},{"not_picked":["Perfected Strike","Clothesline"],"picked":"Shrug It Off+1","floor":41},{"not_picked":["Perfected Strike","Clothesline"],"picked":"Metallicize+1","floor":46},{"not_picked":["Dropkick","Infernal Blade","Second Wind+1"],"picked":"Singing Bowl","floor":47}],"player_experience":5383207,"relics_obtained":[{"floor":9,"key":"Strawberry"},{"floor":13,"key":"Bag of Preparation"},{"floor":24,"key":"Omamori"},{"floor":26,"key":"Mercury Hourglass"},{"floor":30,"key":"Mango"},{"floor":44,"key":"Calipers"},{"floor":47,"key":"Oddly Smooth Stone"},{"floor":47,"key":"Singing Bowl"}],"event_choices":[{"damage_healed":0,"gold_gain":0,"cards_transformed":["Strike_R"],"player_choice":"Transformed","damage_taken":0,"max_hp_gain":0,"max_hp_loss":0,"event_name":"Transmorgrifier","floor":4,"gold_loss":0,"cards_obtained":["Dark Embrace"]},{"damage_healed":0,"gold_gain":0,"player_choice":"Obtained Relic","damage_taken":0,"relics_obtained":["Ancient Tea Set"],"max_hp_gain":0,"max_hp_loss":0,"event_name":"Addict","floor":20,"gold_loss":85},{"damage_healed":0,"gold_gain":0,"cards_transformed":["Strike_R","Strike_R"],"player_choice":"Became Test Subject","damage_taken":0,"max_hp_gain":0,"max_hp_loss":0,"event_name":"Drug Dealer","floor":21,"gold_loss":0,"cards_obtained":["Limit Break","Reckless Charge"]},{"damage_healed":0,"gold_gain":0,"player_choice":"Upgraded","damage_taken":0,"max_hp_gain":0,"max_hp_loss":0,"event_name":"Upgrade Shrine","floor":31,"gold_loss":0,"cards_upgraded":["Inflame"]},{"damage_healed":0,"gold_gain":0,"player_choice":"Ignored","damage_taken":0,"max_hp_gain":0,"max_hp_loss":0,"event_name":"Mysterious Sphere","floor":42,"gold_loss":0},{"damage_healed":0,"gold_gain":0,"player_choice":"Fight","damage_taken":0,"max_hp_gain":0,"max_hp_loss":0,"event_name":"MindBloom","floor":44,"gold_loss":0}],"is_beta":true,"boss_relics":[{"not_picked":["Black Blood","Lizard Tail"],"picked":"Sozu"},{"not_picked":["Pandora\u0027s Box","Velvet Choker"],"picked":"Black Star"}],"items_purged_floors":[48],"is_endless":false,"potions_floor_spawned":[2,3,5,7,13,19,24,25,27,30,36,44],"killed_by":"Awakened One","ascension_level":20}