{"gold_per_floor":[112,131,1,1,20,20,47,62,62,87,87,30,49,124,124,197,197,210,33,33,52,52,52,85,85,85,120,130,130,155,167,167,242,242,257,307,356,375,388,388,420,420,420,420,434,434],"floor_reached":46,"playtime":4052,"items_purged":["Strike_G","Strike_G"],"score":1107,"play_id":"6a4266f0-ce3a-4303-ae09-6614560be395","local_time":"20190329173241","is_ascension_mode":true,"campfire_choices":[{"data":"Quick Slash","floor":6,"key":"SMITH"},{"floor":11,"key":"REST"},{"floor":15,"key":"REST"},{"data":"Wraith Form v2","floor":23,"key":"SMITH"},{"data":"Caltrops","floor":29,"key":"SMITH"},{"data":"Deadly Poison","floor":32,"key":"SMITH"},{"data":"After Image","floor":40,"key":"SMITH"},{"floor":44,"key":"RECALL"}],"neow_cost":"NONE","seed_source_timestamp":149903007067021,"circlet_count":0,"master_deck":["AscendersBane","Defend_G","Defend_G","Defend_G","Defend_G","Defend_G","Survivor","Neutralize+1","Dagger Throw","Quick Slash+1","Leg Sweep","After Image+1","Deadly Poison+1","Prepared+1","Dodge and Roll+1","Wraith Form v2+1","Backstab","Caltrops+1","Bite","Bite","Bite","Bite","Bite","Backflip+1","RitualDagger","Well Laid Plans","PiercingWail+1","Blur+1","Deadly Poison+1","Envenom","Escape Plan+1","Caltrops"],"relics":["Ring of the Snake","Dodecahedron","Gremlin Horn","Toxic Egg 2","Velvet Choker","Juzu Bracelet","Pocketwatch","Letter Opener","The Courier","Meat on the Bone","Runic Pyramid","Nunchaku","Mummified Hand"],"potions_floor_usage":[7,10,16,16,24,37,37,39],"damage_taken":[{"damage":0,"enemies":"Cultist","floor":1,"turns":4},{"damage":1,"enemies":"Small Slimes","floor":2,"turns":3},{"damage":3,"enemies":"2 Louse","floor":5,"turns":4},{"damage":23,"enemies":"Lagavulin","floor":7,"turns":6},{"damage":0,"enemies":"Blue Slaver","floor":8,"turns":5},{"damage":15,"enemies":"3 Sentries","floor":10,"turns":11},{"damage":0,"enemies":"2 Fungi Beasts","floor":13,"turns":5},{"damage":11,"enemies":"Slime Boss","floor":16,"turns":11},{"damage":20,"enemies":"3 Byrds","floor":18,"turns":10},{"damage":2,"enemies":"Shell Parasite","floor":21,"turns":8},{"damage":24,"enemies":"Book of Stabbing","floor":24,"turns":7},{"damage":15,"enemies":"Gremlin Leader","floor":27,"turns":10},{"damage":7,"enemies":"Centurion and Healer","floor":28,"turns":7},{"damage":0,"enemies":"Book of Stabbing","floor":30,"turns":5},{"damage":0,"enemies":"Chosen and Byrds","floor":31,"turns":6},{"damage":42,"enemies":"Collector","floor":33,"turns":11},{"damage":7,"enemies":"3 Darklings","floor":35,"turns":8},{"damage":30,"enemies":"2 Orb Walkers","floor":37,"turns":7},{"damage":0,"enemies":"3 Shapes","floor":38,"turns":5},{"damage":20,"enemies":"Spire Growth","floor":39,"turns":8},{"damage":8,"enemies":"Nemesis","floor":41,"turns":11},{"damage":2,"enemies":"3 Darklings","floor":45,"turns":6},{"damage":86,"enemies":"Giant Head","floor":46,"turns":9}],"seed_played":"-4924135260896102725","potions_obtained":[{"floor":1,"key":"Ancient Potion"},{"floor":4,"key":"Swift Potion"},{"floor":7,"key":"FairyPotion"},{"floor":8,"key":"SteroidPotion"},{"floor":16,"key":"Strength Potion"},{"floor":28,"key":"Weak Potion"},{"floor":30,"key":"FearPotion"},{"floor":35,"key":"EssenceOfSteel"},{"floor":38,"key":"Weak Potion"},{"floor":45,"key":"Ancient Potion"}],"is_trial":false,"path_per_floor":["M","M","$","?","M","R","E","M","T","E","R","$","M","?","R","B",null,"M","$","?","M","?","R","E","T","T","E","M","R","E","M","R","B",null,"M","?","?","M","M","R","E","?","T","R","M","E"],"character_chosen":"THE_SILENT","items_purchased":["Fire Potion","Fire Potion","Caltrops"],"campfire_rested":2,"item_purchase_floors":[3,12,19],"current_hp_per_floor":[59,58,58,58,55,55,32,32,32,17,36,36,36,25,44,33,58,38,38,38,46,40,40,32,32,32,46,46,46,46,46,46,28,42,46,42,32,42,38,38,46,44,44,44,44,0],"gold":434,"neow_bonus":"UPGRADE_CARD","is_prod":false,"is_daily":false,"chose_seed":false,"campfire_upgraded":5,"win_rate":0,"timestamp":1553905961,"path_taken":["M","M","$","?","M","R","E","?","T","E","R","$","M","?","R","BOSS","M","$","?","M","?","R","E","?","T","E","M","R","E","M","R","BOSS","M","?","?","M","M","R","E","?","T","R","M","E"],"build_version":"2019-03-15","purchased_purges":2,"victory":false,"max_hp_per_floor":[66,66,66,66,66,66,66,66,66,66,66,66,66,66,66,66,66,66,66,46,46,46,46,46,46,46,46,46,46,46,46,46,46,46,46,46,46,46,46,46,46,44,44,44,44,44],"card_choices":[{"not_picked":["Endless Agony","Quick Slash"],"picked":"Dagger Throw","floor":1},{"not_picked":["Deflect","Outmaneuver"],"picked":"Quick Slash","floor":2},{"not_picked":["Acrobatics","Heel Hook"],"picked":"Leg Sweep","floor":5},{"not_picked":["Expertise","Blade Dance"],"picked":"After Image","floor":7},{"not_picked":["Sucker Punch","Prepared"],"picked":"Deadly Poison","floor":8},{"not_picked":["Bane","Predator"],"picked":"Prepared","floor":10},{"not_picked":["Expertise+1","Outmaneuver+1"],"picked":"Dodge and Roll+1","floor":13},{"not_picked":["Die Die Die","Burst+1"],"picked":"Wraith Form v2","floor":16},{"not_picked":["Flying Knee","All Out Attack"],"picked":"Backstab","floor":18},{"not_picked":["Expertise+1","Blade Dance+1"],"picked":"Backflip+1","floor":21},{"not_picked":["Expertise+1","Underhanded Strike","Finisher"],"picked":"SKIP","floor":24},{"not_picked":["Flechettes","Catalyst+1"],"picked":"Well Laid Plans","floor":27},{"not_picked":["Quick Slash","All Out Attack"],"picked":"PiercingWail+1","floor":28},{"not_picked":["Grand Finale","Outmaneuver+1"],"picked":"Blur+1","floor":30},{"not_picked":["Riddle With Holes","Flying Knee"],"picked":"Deadly Poison+1","floor":31},{"not_picked":["Storm of Steel+1","Burst+1"],"picked":"Envenom","floor":33},{"not_picked":["Distraction+1","Flying Knee","Acrobatics+1"],"picked":"SKIP","floor":35},{"not_picked":["Skewer","Predator","Storm of Steel+1"],"picked":"SKIP","floor":38},{"not_picked":["Quick Slash+1","Sucker Punch"],"picked":"Escape Plan+1","floor":39},{"not_picked":["Blur+1","Slice+1","Flying Knee"],"picked":"SKIP","floor":41},{"not_picked":["Grand Finale","Dagger Spray"],"picked":"Caltrops","floor":45}],"player_experience":5375334,"relics_obtained":[{"floor":7,"key":"Dodecahedron"},{"floor":9,"key":"Gremlin Horn"},{"floor":10,"key":"Toxic Egg 2"},{"floor":24,"key":"Juzu Bracelet"},{"floor":25,"key":"Pocketwatch"},{"floor":26,"key":"Letter Opener"},{"floor":27,"key":"The Courier"},{"floor":30,"key":"Meat on the Bone"},{"floor":37,"key":"Nunchaku"},{"floor":41,"key":"Mummified Hand"}],"event_choices":[{"damage_healed":0,"gold_gain":0,"player_choice":"Got Potions","damage_taken":0,"max_hp_gain":0,"max_hp_loss":0,"event_name":"Lab","floor":4,"gold_loss":0},{"damage_healed":0,"gold_gain":75,"player_choice":"Gather Gold","damage_taken":11,"max_hp_gain":0,"max_hp_loss":0,"event_name":"World of Goop","floor":14,"gold_loss":0},{"damage_healed":0,"gold_gain":0,"player_choice":"Became a vampire","damage_taken":0,"max_hp_gain":0,"max_hp_loss":20,"event_name":"Vampires","floor":20,"gold_loss":0,"cards_obtained":["Bite","Bite","Bite","Bite","Bite"]},{"damage_healed":0,"gold_gain":0,"player_choice":"Joined the Cult","damage_taken":6,"max_hp_gain":0,"max_hp_loss":0,"event_name":"Nest","floor":22,"gold_loss":0,"cards_obtained":["RitualDagger"]},{"damage_healed":0,"gold_gain":50,"player_choice":"Touch","damage_taken":4,"max_hp_gain":0,"max_hp_loss":0,"event_name":"FaceTrader","floor":36,"gold_loss":0},{"damage_healed":0,"gold_gain":0,"player_choice":"Fight","damage_taken":0,"max_hp_gain":0,"max_hp_loss":0,"event_name":"Mysterious Sphere","floor":37,"gold_loss":0},{"damage_healed":0,"gold_gain":0,"player_choice":"Max HP","damage_taken":0,"max_hp_gain":0,"max_hp_loss":2,"event_name":"Winding Halls","floor":42,"gold_loss":0}],"is_beta":true,"boss_relics":[{"not_picked":["Black Star","Philosopher\u0027s Stone"],"picked":"Velvet Choker"},{"not_picked":["Tiny House","Ring of the Serpent"],"picked":"Runic Pyramid"}],"items_purged_floors":[3,19],"is_endless":false,"potions_floor_spawned":[1,7,8,13,16,28,30,31,35,38,45],"killed_by":"Giant Head","ascension_level":20}