{"gold_per_floor":[118,12,12,22,22,22,55,55,81,93,138,150,0,18,18,89,89,107,157,167,167,177,177,193,193,217,251,262,39,49,49,49,124,124,135,150,150,166,185,185,197,226,253,253,11,25,39,70,70,70,70,70,70,31,60,60],"floor_reached":56,"playtime":5960,"items_purged":[],"score":1949,"play_id":"43fce6fe-2031-4c0a-8faa-7dbfb34ce962","local_time":"20190319160901","is_ascension_mode":true,"campfire_choices":[{"data":"Zap","floor":6,"key":"SMITH"},{"floor":8,"key":"REST"},{"floor":15,"key":"REST"},{"floor":23,"key":"REST"},{"data":"Defragment","floor":25,"key":"SMITH"},{"floor":32,"key":"REST"},{"data":"Loop","floor":40,"key":"SMITH"},{"floor":49,"key":"RECALL"},{"floor":53,"key":"REST"}],"neow_cost":"NONE","seed_source_timestamp":188011362477725,"circlet_count":0,"master_deck":["AscendersBane","Strike_B","Strike_B","Strike_B","Defend_B","Defend_B","Defend_B","Defend_B","Zap+1","Dualcast","Compile Driver","Chill","Doom and Gloom+1","Seek","Defragment+1","Doom and Gloom","Echo Form","Gash","Coolheaded","Necronomicurse","White Noise+1","Go for the Eyes+1","Steam","Seek","Turbo+1","Conserve Battery","Loop+1","Go for the Eyes+1","Static Discharge","Dark Shackles","Coolheaded","Redo+1","Coolheaded+1","Loop","Defragment"],"relics":["Cracked Core","Regal Pillow","CultistMask","Oddly Smooth Stone","MawBank","Gambling Chip","Runic Pyramid","Necronomicon","Ancient Tea Set","Molten Egg 2","ClockworkSouvenir","Philosopher\u0027s Stone","FossilizedHelix","Lantern","Bronze Scales"],"potions_floor_usage":[7,7,14,27,51,55],"damage_taken":[{"damage":11,"enemies":"Small Slimes","floor":1,"turns":4},{"damage":0,"enemies":"Cultist","floor":4,"turns":3},{"damage":25,"enemies":"Gremlin Nob","floor":7,"turns":4},{"damage":16,"enemies":"Lagavulin","floor":11,"turns":5},{"damage":3,"enemies":"Jaw Worm","floor":14,"turns":3},{"damage":14,"enemies":"The Guardian","floor":16,"turns":12},{"damage":22,"enemies":"Shell Parasite","floor":18,"turns":7},{"damage":0,"enemies":"Spheric Guardian","floor":20,"turns":5},{"damage":2,"enemies":"Cultist and Chosen","floor":22,"turns":4},{"damage":3,"enemies":"Sentry and Sphere","floor":24,"turns":3},{"damage":22,"enemies":"Slavers","floor":27,"turns":2},{"damage":2,"enemies":"Snake Plant","floor":28,"turns":4},{"damage":0,"enemies":"3 Cultists","floor":30,"turns":2},{"damage":11,"enemies":"Champ","floor":33,"turns":13},{"damage":0,"enemies":"3 Shapes","floor":35,"turns":3},{"damage":4,"enemies":"Orb Walker","floor":36,"turns":4},{"damage":14,"enemies":"3 Darklings","floor":38,"turns":2},{"damage":0,"enemies":"Sphere and 2 Shapes","floor":39,"turns":4},{"damage":3,"enemies":"4 Shapes","floor":41,"turns":26},{"damage":27,"enemies":"Giant Head","floor":42,"turns":10},{"damage":0,"enemies":"Maw","floor":46,"turns":7},{"damage":0,"enemies":"Transient","floor":47,"turns":6},{"damage":0,"enemies":"Nemesis","floor":48,"turns":7},{"damage":9,"enemies":"Time Eater","floor":50,"turns":9},{"damage":1,"enemies":"Awakened One","floor":51,"turns":18},{"damage":26,"enemies":"Shield and Spear","floor":55,"turns":7},{"damage":78,"enemies":"The Heart","floor":56,"turns":5}],"seed_played":"5855278418910644818","potions_obtained":[{"floor":4,"key":"Weak Potion"},{"floor":11,"key":"Strength Potion"},{"floor":16,"key":"Dexterity Potion"},{"floor":24,"key":"Block Potion"},{"floor":28,"key":"Swift Potion"},{"floor":36,"key":"SpeedPotion"},{"floor":41,"key":"FocusPotion"}],"is_trial":false,"path_per_floor":["M","$","?","M","?","R","E","R","T","?","E","?","$","M","R","B",null,"M","?","M","?","M","R","M","R","T","E","M","$","M","?","R","B",null,"M","M","?","M","M","R","M","E","T","?","$","M","M","E","R","B","B",null,"R","$","E","B"],"character_chosen":"DEFECT","items_purchased":["Fire Potion","Coolheaded","Regen Potion","Defragment","ClockworkSouvenir","Static Discharge","Dark Shackles","Coolheaded","Loop"],"campfire_rested":5,"item_purchase_floors":[2,2,13,13,29,45,45,45,54],"current_hp_per_floor":[53,53,53,53,53,53,28,64,64,43,27,9,9,15,51,37,63,41,41,41,20,18,54,51,51,51,29,27,27,27,27,63,52,66,66,62,62,48,48,48,45,18,18,18,18,18,18,18,18,9,8,55,71,71,45,0],"gold":60,"neow_bonus":"RANDOM_COMMON_RELIC","is_prod":false,"is_daily":false,"chose_seed":false,"campfire_upgraded":3,"win_rate":0,"timestamp":1553036941,"path_taken":["M","$","?","?","?","R","E","R","T","?","E","?","$","M","R","BOSS","M","?","?","?","M","R","M","R","T","E","M","$","M","?","R","BOSS","M","M","?","M","M","R","M","E","T","?","$","?","M","E","R","BOSS","BOSS","R","$","E","BOSS"],"build_version":"2019-03-15","purchased_purges":0,"victory":false,"max_hp_per_floor":[71,71,71,71,71,71,71,71,71,71,71,71,71,71,71,71,71,71,71,71,71,71,71,71,71,71,71,71,71,71,71,71,71,71,71,71,71,71,71,71,71,71,71,71,71,71,71,71,71,71,71,71,71,71,71,71],"card_choices":[{"not_picked":["Leap","Capacitor"],"picked":"Compile Driver","floor":1},{"not_picked":["Compile Driver","Coolheaded"],"picked":"Chill","floor":4},{"not_picked":["Sweeping Beam","Stack"],"picked":"Doom and Gloom","floor":7},{"not_picked":["Double Energy","Streamline"],"picked":"Seek","floor":11},{"not_picked":["Doom and Gloom","Compile Driver","Cold Snap"],"picked":"SKIP","floor":14},{"not_picked":["Compile Driver","Cold Snap"],"picked":"Doom and Gloom","floor":14},{"not_picked":["Machine Learning","Amplify"],"picked":"Echo Form","floor":16},{"not_picked":["White Noise","Stack"],"picked":"Gash","floor":18},{"not_picked":["Compile Driver","Leap"],"picked":"Coolheaded","floor":20},{"not_picked":["Skim+1","Compile Driver","Streamline"],"picked":"SKIP","floor":22},{"not_picked":["Redo","Barrage"],"picked":"White Noise+1","floor":24},{"not_picked":["Ball Lightning","White Noise"],"picked":"Go for the Eyes","floor":27},{"not_picked":["Compile Driver+1","Blizzard+1"],"picked":"Steam","floor":28},{"not_picked":["Beam Cell+1","Melter+1","Cold Snap+1"],"picked":"SKIP","floor":30},{"not_picked":["Fission","Machine Learning"],"picked":"Seek","floor":33},{"not_picked":["Chill","Scrape+1"],"picked":"Turbo+1","floor":35},{"not_picked":["Barrage+1","Heatsinks","Compile Driver+1"],"picked":"SKIP","floor":36},{"not_picked":["Fusion","Blizzard+1"],"picked":"Conserve Battery","floor":38},{"not_picked":["Reprogram","Aggregate"],"picked":"Loop","floor":39},{"not_picked":["Beam Cell+1","Conserve Battery"],"picked":"Go for the Eyes+1","floor":41},{"not_picked":["Double Energy","Rainbow","Lockon+1"],"picked":"SKIP","floor":42},{"not_picked":["Sweeping Beam+1","Barrage+1"],"picked":"Redo+1","floor":46},{"not_picked":["Gash+1","Ball Lightning+1"],"picked":"Coolheaded+1","floor":47},{"not_picked":["Turbo","Sweeping Beam+1","Cold Snap+1"],"picked":"SKIP","floor":48},{"not_picked":["Steam","Cold Snap+1"],"picked":"Defragment","floor":55}],"player_experience":5249084,"relics_obtained":[{"floor":7,"key":"Oddly Smooth Stone"},{"floor":9,"key":"MawBank"},{"floor":11,"key":"Gambling Chip"},{"floor":21,"key":"Necronomicon"},{"floor":26,"key":"Ancient Tea Set"},{"floor":27,"key":"Molten Egg 2"},{"floor":42,"key":"FossilizedHelix"},{"floor":48,"key":"Lantern"},{"floor":55,"key":"Bronze Scales"}],"event_choices":[{"damage_healed":0,"gold_gain":0,"player_choice":"Trade","damage_taken":0,"relics_obtained":["CultistMask"],"max_hp_gain":0,"max_hp_loss":0,"event_name":"FaceTrader","floor":3,"gold_loss":0},{"damage_healed":0,"gold_gain":0,"player_choice":"Leave","damage_taken":0,"max_hp_gain":0,"max_hp_loss":0,"event_name":"The Cleric","floor":5,"gold_loss":0},{"damage_healed":0,"gold_gain":0,"player_choice":"Entered Light","damage_taken":21,"max_hp_gain":0,"max_hp_loss":0,"event_name":"Shining Light","floor":10,"gold_loss":0,"cards_upgraded":["Coolheaded","Doom and Gloom"]},{"damage_healed":0,"gold_gain":0,"player_choice":"Fled","damage_taken":18,"max_hp_gain":0,"max_hp_loss":0,"event_name":"Scrap Ooze","floor":12,"gold_loss":0},{"damage_healed":0,"gold_gain":50,"player_choice":"Pray","damage_taken":0,"max_hp_gain":0,"max_hp_loss":0,"event_name":"Golden Shrine","floor":19,"gold_loss":0},{"damage_healed":0,"gold_gain":0,"player_choice":"Obtained Book","damage_taken":21,"max_hp_gain":0,"max_hp_loss":0,"event_name":"Cursed Tome","floor":21,"gold_loss":0},{"damage_healed":0,"gold_gain":0,"player_choice":"Ignored","damage_taken":0,"max_hp_gain":0,"max_hp_loss":0,"event_name":"The Mausoleum","floor":31,"gold_loss":0},{"cards_removed":["Coolheaded"],"damage_healed":0,"gold_gain":0,"player_choice":"Removed Skill","damage_taken":0,"max_hp_gain":0,"max_hp_loss":0,"event_name":"Falling","floor":37,"gold_loss":0},{"cards_removed":["Strike_B"],"damage_healed":0,"gold_gain":0,"player_choice":"Purged","damage_taken":0,"max_hp_gain":0,"max_hp_loss":0,"event_name":"Purifier","floor":44,"gold_loss":0}],"is_beta":true,"boss_relics":[{"not_picked":["Ectoplasm","FrozenCore"],"picked":"Runic Pyramid"},{"not_picked":["Lizard Tail","Black Star"],"picked":"Philosopher\u0027s Stone"}],"items_purged_floors":[],"is_endless":false,"potions_floor_spawned":[4,11,16,24,28,33,35,36,41,42],"killed_by":"The Heart","ascension_level":20}