{"gold_per_floor":[109,122,197,197,197,235,258,258,258,258,293,293,312,312,312,406,406,425,2,23,23,36,36,60,76,76,117,142,182,2,52,52,150,150,166,180,180,19,34,34],"floor_reached":40,"playtime":3189,"items_purged":["Strike_B","Strike_B"],"score":872,"play_id":"07d97997-2c8a-42b9-b806-7cc7c92ec6a6","local_time":"20190323155942","is_ascension_mode":true,"campfire_choices":[{"data":"Defragment","floor":8,"key":"SMITH"},{"floor":10,"key":"REST"},{"data":"Leap","floor":12,"key":"SMITH"},{"floor":15,"key":"REST"},{"data":"Ball Lightning","floor":23,"key":"SMITH"},{"floor":32,"key":"REST"}],"neow_cost":"NONE","seed_source_timestamp":75954328833258,"circlet_count":0,"master_deck":["AscendersBane","Strike_B","Defend_B","Defend_B","Defend_B","Defend_B","Zap+1","Dualcast","Defragment+1","Self Repair","Leap+1","Chill","Ball Lightning+1","Electrodynamics+1","Conserve Battery","Capacitor+1","Genetic Algorithm","Genetic Algorithm","Compile Driver","Doom and Gloom","Echo Form+1","Coolheaded","Hologram","Cold Snap","Seek","Parasite","Fusion+1"],"relics":["Cracked Core","Golden Idol","Frozen Egg 2","Bag of Marbles","Bag of Preparation","Velvet Choker","Meat on the Bone","PreservedInsect","Pen Nib","Orrery","DataDisk"],"potions_floor_usage":[6,25,29,33,33,33,39,40],"damage_taken":[{"damage":1,"enemies":"Cultist","floor":1,"turns":3},{"damage":7,"enemies":"Jaw Worm","floor":2,"turns":4},{"damage":33,"enemies":"Gremlin Nob","floor":6,"turns":4},{"damage":9,"enemies":"Small Slimes","floor":7,"turns":3},{"damage":21,"enemies":"Lagavulin","floor":11,"turns":7},{"damage":3,"enemies":"Blue Slaver","floor":13,"turns":4},{"damage":11,"enemies":"The Guardian","floor":16,"turns":12},{"damage":0,"enemies":"3 Byrds","floor":18,"turns":3},{"damage":5,"enemies":"Spheric Guardian","floor":20,"turns":4},{"damage":45,"enemies":"Snecko","floor":22,"turns":6},{"damage":31,"enemies":"Snake Plant","floor":24,"turns":5},{"damage":2,"enemies":"Cultist and Chosen","floor":25,"turns":4},{"damage":26,"enemies":"Gremlin Leader","floor":27,"turns":5},{"damage":12,"enemies":"Shelled Parasite and Fungi","floor":28,"turns":10},{"damage":17,"enemies":"Book of Stabbing","floor":29,"turns":5},{"damage":12,"enemies":"Automaton","floor":33,"turns":10},{"damage":1,"enemies":"3 Shapes","floor":35,"turns":9},{"damage":11,"enemies":"Orb Walker","floor":36,"turns":5},{"damage":0,"enemies":"Writhing Mass","floor":39,"turns":12},{"damage":107,"enemies":"Giant Head","floor":40,"turns":9}],"seed_played":"-7988453297295803527","potions_obtained":[{"floor":1,"key":"EssenceOfSteel"},{"floor":7,"key":"SpeedPotion"},{"floor":11,"key":"EntropicBrew"},{"floor":18,"key":"FocusPotion"},{"floor":28,"key":"Block Potion"},{"floor":36,"key":"Swift Potion"}],"is_trial":false,"path_per_floor":["M","M","?","?","?","E","M","R","T","R","E","R","M","?","R","B",null,"M","$","M","?","M","R","M","M","T","E","M","E","$","?","R","B",null,"M","M","?","$","M","E"],"character_chosen":"DEFECT","items_purchased":["Meat on the Bone","Capacitor+1","FocusPotion","DataDisk"],"campfire_rested":3,"item_purchase_floors":[19,19,30,38],"current_hp_per_floor":[63,56,45,45,45,19,17,17,17,36,22,22,26,19,38,34,57,64,64,64,64,38,38,26,43,43,36,43,45,45,45,64,59,63,64,60,60,60,64,0],"gold":34,"neow_bonus":"UPGRADE_CARD","is_prod":false,"is_daily":false,"chose_seed":false,"campfire_upgraded":3,"win_rate":0,"timestamp":1553381982,"path_taken":["M","M","?","?","?","E","M","R","T","R","E","R","M","?","R","BOSS","M","$","M","?","M","R","M","M","T","E","M","E","$","?","R","BOSS","M","M","?","$","M","E"],"build_version":"2019-03-15","purchased_purges":2,"victory":false,"max_hp_per_floor":[71,71,71,64,64,64,64,64,64,64,64,64,64,64,64,64,64,64,64,64,64,64,64,64,64,64,64,64,64,64,64,64,64,64,64,64,64,64,64,64],"card_choices":[{"not_picked":["Chaos","Skim"],"picked":"Defragment","floor":1},{"not_picked":["Go for the Eyes","Rebound"],"picked":"Self Repair","floor":2},{"not_picked":["Turbo","Amplify","Rebound"],"picked":"SKIP","floor":6},{"not_picked":["Steam","Stack"],"picked":"Leap","floor":7},{"not_picked":["Redo","Force Field"],"picked":"Chill","floor":11},{"not_picked":["Reprogram","Sweeping Beam"],"picked":"Ball Lightning","floor":13},{"not_picked":["Core Surge","Reboot"],"picked":"Electrodynamics+1","floor":16},{"not_picked":["FTL","Redo"],"picked":"Conserve Battery","floor":18},{"not_picked":["Cold Snap","Leap+1"],"picked":"Genetic Algorithm","floor":20},{"not_picked":["Rebound","Redo","Turbo"],"picked":"SKIP","floor":22},{"not_picked":["Go for the Eyes","Redo","Undo"],"picked":"SKIP","floor":24},{"not_picked":["Hologram","Stack"],"picked":"Compile Driver","floor":25},{"not_picked":["Multi-Cast","Leap","Hologram"],"picked":"SKIP","floor":27},{"not_picked":["Lockon+1","Steam","Leap"],"picked":"SKIP","floor":28},{"not_picked":["Go for the Eyes","Sweeping Beam"],"picked":"Doom and Gloom","floor":29},{"not_picked":["Electrodynamics+1","Amplify"],"picked":"Echo Form+1","floor":33},{"not_picked":["Double Energy","Loop+1"],"picked":"Coolheaded","floor":34},{"not_picked":["Skim","Fusion"],"picked":"Hologram","floor":34},{"not_picked":["Leap","Stack"],"picked":"Cold Snap","floor":35},{"not_picked":["Glacier","Hologram"],"picked":"Seek","floor":36},{"not_picked":["Gash+1","Beam Cell+1"],"picked":"Fusion+1","floor":39}],"player_experience":5312163,"relics_obtained":[{"floor":6,"key":"Frozen Egg 2"},{"floor":9,"key":"Bag of Marbles"},{"floor":11,"key":"Bag of Preparation"},{"floor":27,"key":"PreservedInsect"},{"floor":29,"key":"Pen Nib"}],"event_choices":[{"damage_healed":0,"gold_gain":75,"player_choice":"Gather Gold","damage_taken":11,"max_hp_gain":0,"max_hp_loss":0,"event_name":"World of Goop","floor":3,"gold_loss":0},{"damage_healed":0,"gold_gain":0,"player_choice":"Lose Max HP","damage_taken":0,"relics_obtained":["Golden Idol"],"max_hp_gain":0,"max_hp_loss":7,"event_name":"Golden Idol","floor":4,"gold_loss":0},{"damage_healed":0,"gold_gain":0,"player_choice":"Ignored","damage_taken":0,"max_hp_gain":0,"max_hp_loss":0,"event_name":"Liars Game","floor":5,"gold_loss":0},{"cards_removed":["Strike_B"],"damage_healed":0,"gold_gain":0,"player_choice":"Card Removal","damage_taken":7,"max_hp_gain":0,"max_hp_loss":0,"event_name":"Golden Wing","floor":14,"gold_loss":0},{"damage_healed":0,"gold_gain":0,"player_choice":"Read","damage_taken":0,"max_hp_gain":0,"max_hp_loss":0,"event_name":"The Library","floor":21,"gold_loss":0,"cards_obtained":["Genetic Algorithm"]},{"damage_healed":0,"gold_gain":50,"player_choice":"Stole From Cult","damage_taken":0,"max_hp_gain":0,"max_hp_loss":0,"event_name":"Nest","floor":31,"gold_loss":0},{"damage_healed":0,"gold_gain":0,"player_choice":"Ignored","damage_taken":0,"max_hp_gain":0,"max_hp_loss":0,"event_name":"Tomb of Lord Red Mask","floor":37,"gold_loss":0}],"is_beta":true,"boss_relics":[{"not_picked":["Cursed Key","White Beast Statue"],"picked":"Velvet Choker"},{"not_picked":["Eternal Feather","Empty Cage"],"picked":"Orrery"}],"items_purged_floors":[19,30],"is_endless":false,"potions_floor_spawned":[1,7,11,18,20,24,28,36],"killed_by":"Giant Head","ascension_level":20}