{"gold_per_floor":[115,115,190,209,226,226,257,257,257,270,270],"floor_reached":11,"playtime":488,"items_purged":[],"score":146,"play_id":"330f1d71-8b68-444d-9caa-a7ad8a160e64","local_time":"20190320133007","is_ascension_mode":true,"campfire_choices":[{"data":"Bash","floor":6,"key":"SMITH"},{"floor":8,"key":"REST"}],"neow_cost":"TEN_PERCENT_HP_LOSS","seed_source_timestamp":270341345281369,"circlet_count":0,"master_deck":["AscendersBane","Strike_R","Strike_R","Strike_R","Strike_R","Strike_R","Defend_R","Defend_R","Defend_R","Defend_R","Bash+1","Thunderclap","Wild Strike","Rage+1","Warcry+1"],"relics":["Burning Blood","Unceasing Top","Blue Candle","Toxic Egg 2"],"potions_floor_usage":[11,11],"damage_taken":[{"damage":12,"enemies":"Cultist","floor":1,"turns":4},{"damage":14,"enemies":"Jaw Worm","floor":4,"turns":3},{"damage":13,"enemies":"2 Louse","floor":5,"turns":3},{"damage":35,"enemies":"3 Sentries","floor":7,"turns":8},{"damage":16,"enemies":"Large Slime","floor":10,"turns":8},{"damage":18,"enemies":"Gremlin Nob","floor":11,"turns":3}],"seed_played":"5534008612885018597","potions_obtained":[{"floor":4,"key":"Ancient Potion"},{"floor":7,"key":"Explosive Potion"}],"is_trial":false,"path_per_floor":["M","T","?","M","M","R","E","R","T","M","E"],"character_chosen":"IRONCLAD","items_purchased":[],"campfire_rested":1,"item_purchase_floors":[],"current_hp_per_floor":[62,62,51,43,36,36,7,27,27,17,0],"gold":270,"neow_bonus":"ONE_RARE_RELIC","is_prod":false,"is_daily":false,"chose_seed":false,"campfire_upgraded":1,"win_rate":0,"timestamp":1553113807,"path_taken":["M","?","?","M","M","R","E","R","T","M","E"],"build_version":"2019-03-15","purchased_purges":0,"victory":false,"max_hp_per_floor":[68,68,68,68,68,68,68,68,68,68,68],"card_choices":[{"not_picked":["Cleave","Clash"],"picked":"Thunderclap","floor":1},{"not_picked":["Dual Wield","True Grit"],"picked":"Wild Strike","floor":4},{"not_picked":["Hemokinesis","Thunderclap","Sword Boomerang"],"picked":"SKIP","floor":5},{"not_picked":["Uppercut","Demon Form"],"picked":"Rage","floor":7},{"not_picked":["Headbutt","Perfected Strike"],"picked":"Warcry+1","floor":10}],"player_experience":5267666,"relics_obtained":[{"floor":2,"key":"Blue Candle"},{"floor":7,"key":"Toxic Egg 2"}],"event_choices":[{"damage_healed":0,"gold_gain":75,"player_choice":"Gather Gold","damage_taken":11,"max_hp_gain":0,"max_hp_loss":0,"event_name":"World of Goop","floor":3,"gold_loss":0}],"is_beta":true,"boss_relics":[],"items_purged_floors":[],"is_endless":false,"potions_floor_spawned":[4,7],"killed_by":"Gremlin Nob","ascension_level":20}