{"gold_per_floor":[110,110,0,19,32,58,58,392,392,229,75,75,101,118,118,118],"floor_reached":16,"playtime":868,"items_purged":["Strike_B"],"score":236,"play_id":"ac1fc788-a8f7-4b42-ba12-53004e3aba4e","local_time":"20190324120407","is_ascension_mode":true,"campfire_choices":[{"floor":7,"key":"REST"},{"data":"Zap","floor":12,"key":"SMITH"},{"floor":15,"key":"REST"}],"neow_cost":"NONE","seed_source_timestamp":46890125089819,"circlet_count":0,"master_deck":["AscendersBane","Strike_B","Strike_B","Strike_B","Defend_B","Defend_B","Defend_B","Defend_B","Zap+1","Dualcast","Gash","Cold Snap","Genetic Algorithm","Doom and Gloom+1","Reinforced Body","Glacier","Compile Driver+1","Compile Driver+1"],"relics":["Cracked Core","Molten Egg 2","Old Coin","Emotion Chip","Anchor","Sundial"],"potions_floor_usage":[6,6],"damage_taken":[{"damage":0,"enemies":"2 Louse","floor":1,"turns":2},{"damage":0,"enemies":"Cultist","floor":4,"turns":3},{"damage":4,"enemies":"Jaw Worm","floor":5,"turns":4},{"damage":54,"enemies":"Gremlin Nob","floor":6,"turns":6},{"damage":16,"enemies":"Lagavulin","floor":8,"turns":5},{"damage":29,"enemies":"Gremlin Nob","floor":13,"turns":4},{"damage":1,"enemies":"Exordium Thugs","floor":14,"turns":6},{"damage":29,"enemies":"Hexaghost","floor":16,"turns":7}],"seed_played":"1741603869521327648","potions_obtained":[{"floor":5,"key":"Regen Potion"},{"floor":8,"key":"Explosive Potion"},{"floor":14,"key":"Explosive Potion"}],"is_trial":false,"path_per_floor":["M","?","$","M","M","E","R","E","T","$","$","R","E","M","R","B"],"character_chosen":"DEFECT","items_purchased":["Explosive Potion","PowerPotion","Anchor","Glacier"],"campfire_rested":2,"item_purchase_floors":[3,3,10,11],"current_hp_per_floor":[71,71,71,71,67,28,51,35,35,35,35,35,6,5,28,0],"gold":118,"neow_bonus":"TEN_PERCENT_HP_BONUS","is_prod":false,"is_daily":false,"chose_seed":false,"campfire_upgraded":1,"win_rate":0,"timestamp":1553454247,"path_taken":["M","?","$","?","M","E","R","E","T","?","$","R","E","M","R","BOSS"],"build_version":"2019-03-15","purchased_purges":1,"victory":false,"max_hp_per_floor":[78,78,78,78,78,78,78,78,78,78,78,78,78,78,78,78],"card_choices":[{"not_picked":["Turbo","White Noise"],"picked":"Gash","floor":1},{"not_picked":["Heatsinks","Steam Power"],"picked":"Genetic Algorithm","floor":4},{"not_picked":["Barrage","Streamline","Turbo"],"picked":"SKIP","floor":5},{"not_picked":["Conserve Battery","Coolheaded"],"picked":"Doom and Gloom","floor":6},{"not_picked":["Turbo","Chaos"],"picked":"Reinforced Body","floor":8},{"not_picked":["Beam Cell+1","Turbo"],"picked":"Compile Driver+1","floor":13},{"not_picked":["Turbo","Conserve Battery"],"picked":"Compile Driver+1","floor":14}],"player_experience":5324648,"relics_obtained":[{"floor":6,"key":"Molten Egg 2"},{"floor":8,"key":"Old Coin"},{"floor":9,"key":"Emotion Chip"},{"floor":13,"key":"Sundial"}],"event_choices":[{"damage_healed":0,"gold_gain":0,"player_choice":"1 cards matched","damage_taken":0,"max_hp_gain":0,"max_hp_loss":0,"event_name":"Match and Keep!","floor":2,"gold_loss":0,"cards_obtained":["Cold Snap"]}],"is_beta":true,"boss_relics":[],"items_purged_floors":[11],"is_endless":false,"potions_floor_spawned":[5,8,14],"killed_by":"Hexaghost","ascension_level":20}