{"gold_per_floor":[17,67,84,95,106,106,135,153,235,235,261,261,287,301,301,301],"floor_reached":16,"playtime":1243,"items_purged":[],"score":244,"play_id":"78077d40-6513-42c6-bead-bde86a1aa727","local_time":"20190321144634","is_ascension_mode":true,"campfire_choices":[{"data":"Buffer","floor":6,"key":"SMITH"},{"floor":10,"key":"REST"},{"floor":12,"key":"REST"},{"data":"Zap","floor":15,"key":"SMITH"}],"neow_cost":"NO_GOLD","seed_source_timestamp":64911159537775,"circlet_count":0,"master_deck":["AscendersBane","Strike_B","Strike_B","Strike_B","Strike_B","Defend_B","Defend_B","Defend_B","Defend_B","Zap+1","Dualcast","Conserve Battery","Doom and Gloom","Doom and Gloom","Buffer+1","Coolheaded","FTL","Coolheaded"],"relics":["Cracked Core","Matryoshka","Oddly Smooth Stone","Letter Opener","Art of War","Pantograph"],"potions_floor_usage":[7,16,16],"damage_taken":[{"damage":7,"enemies":"Jaw Worm","floor":1,"turns":3},{"damage":0,"enemies":"Cultist","floor":3,"turns":4},{"damage":10,"enemies":"Small Slimes","floor":4,"turns":4},{"damage":8,"enemies":"Red Slaver","floor":5,"turns":3},{"damage":36,"enemies":"3 Sentries","floor":7,"turns":9},{"damage":12,"enemies":"3 Louse","floor":8,"turns":4},{"damage":5,"enemies":"Gremlin Nob","floor":11,"turns":6},{"damage":22,"enemies":"3 Sentries","floor":13,"turns":8},{"damage":1,"enemies":"Blue Slaver","floor":14,"turns":4},{"damage":55,"enemies":"Hexaghost","floor":16,"turns":10}],"seed_played":"8497990442363392483","potions_obtained":[{"floor":1,"key":"Swift Potion"},{"floor":8,"key":"LiquidBronze"},{"floor":13,"key":"FearPotion"}],"is_trial":false,"path_per_floor":["M","?","M","M","M","R","E","M","T","R","E","R","E","M","R","B"],"character_chosen":"DEFECT","items_purchased":[],"campfire_rested":2,"item_purchase_floors":[],"current_hp_per_floor":[71,71,71,61,53,53,17,5,5,30,25,50,28,27,27,0],"gold":301,"neow_bonus":"TWENTY_PERCENT_HP_BONUS","is_prod":false,"is_daily":false,"chose_seed":false,"campfire_upgraded":2,"win_rate":0,"timestamp":1553204794,"path_taken":["M","?","?","M","M","R","E","M","T","R","E","R","E","M","R","BOSS"],"build_version":"2019-03-15","purchased_purges":0,"victory":false,"max_hp_per_floor":[85,85,85,85,85,85,85,85,85,85,85,85,85,85,85,85],"card_choices":[{"not_picked":["Sweeping Beam","Redo"],"picked":"Conserve Battery","floor":1},{"not_picked":["Compile Driver","Turbo"],"picked":"Doom and Gloom","floor":3},{"not_picked":["Stack","Redo"],"picked":"Doom and Gloom","floor":4},{"not_picked":["Coolheaded","Compile Driver"],"picked":"Buffer","floor":5},{"not_picked":["Tempest","Reprogram","Stack"],"picked":"SKIP","floor":7},{"not_picked":["Force Field","Double Energy","Sweeping Beam"],"picked":"SKIP","floor":8},{"not_picked":["Cold Snap","Reboot"],"picked":"Coolheaded","floor":11},{"not_picked":["Redo","Conserve Battery"],"picked":"FTL","floor":13},{"not_picked":["Cold Snap","Beam Cell"],"picked":"Coolheaded","floor":14}],"player_experience":5283459,"relics_obtained":[{"floor":7,"key":"Matryoshka"},{"floor":9,"key":"Oddly Smooth Stone"},{"floor":9,"key":"Letter Opener"},{"floor":11,"key":"Art of War"},{"floor":13,"key":"Pantograph"}],"event_choices":[{"damage_healed":0,"gold_gain":50,"player_choice":"Pray","damage_taken":0,"max_hp_gain":0,"max_hp_loss":0,"event_name":"Golden Shrine","floor":2,"gold_loss":0}],"is_beta":true,"boss_relics":[],"items_purged_floors":[],"is_endless":false,"potions_floor_spawned":[1,8,13,14],"killed_by":"Hexaghost","ascension_level":20}