{"gold_per_floor":[109,184,184,22,92,92,103,131,155,185,205,205,245,268,268,358,358,376,426,351,371,395,430,40,76,88,134,146,158,183,213,225,328,340,371,808,820,192,216,254,277,321,368,402,427,450,470,493,493,493,493,493,493,19,50,50],"floor_reached":57,"playtime":6514,"items_purged":["Sever Soul","Combust"],"score":3169,"play_id":"b09e4b94-610a-4ef1-bccf-a7f1014feb00","local_time":"20190321141228","is_ascension_mode":true,"campfire_choices":[{"data":"Bash","floor":6,"key":"SMITH"},{"data":"Whirlwind","floor":15,"key":"SMITH"},{"data":"Feel No Pain","floor":28,"key":"SMITH"},{"data":"Inflame","floor":32,"key":"SMITH"},{"floor":49,"key":"RECALL"},{"floor":53,"key":"REST"}],"neow_cost":"NONE","seed_source_timestamp":57580463030065,"circlet_count":0,"master_deck":["AscendersBane","Bash+1","Anger","Disarm","Uppercut","Whirlwind+1","Inflame+1","Heavy Blade","Feed+1","Corruption","Clash","Shockwave","Intimidate","Metallicize","Entrench","Wild Strike+1","Second Wind","Rage","Feel No Pain+1","Headbutt","Shrug It Off","Dark Embrace","Heavy Blade+1","Shrug It Off","Offering","Warcry+1","Spot Weakness","Offering","Battle Trance","Corruption+1","Barricade","Shrug It Off","Master of Strategy"],"relics":["Burning Blood","NeowsBlessing","Paper Frog","Meat on the Bone","Centennial Puzzle","Red Skull","Golden Idol","PreservedInsect","Pandora\u0027s Box","Strawberry","Vajra","Medical Kit","MawBank","Champion Belt","Oddly Smooth Stone","Fusion Hammer","Old Coin","Dead Branch","DollysMirror","Ice Cream","Smiling Mask","Orichalcum","Pen Nib","Kunai","Whetstone"],"potions_floor_usage":[10,13,16,23,25,30,55,56],"damage_taken":[{"damage":0,"enemies":"Small Slimes","floor":1,"turns":1},{"damage":0,"enemies":"Jaw Worm","floor":7,"turns":1},{"damage":0,"enemies":"3 Sentries","floor":8,"turns":2},{"damage":36,"enemies":"Gremlin Nob","floor":10,"turns":5},{"damage":7,"enemies":"Cultist","floor":11,"turns":4},{"damage":30,"enemies":"3 Sentries","floor":13,"turns":7},{"damage":8,"enemies":"Blue Slaver","floor":14,"turns":3},{"damage":36,"enemies":"Slime Boss","floor":16,"turns":7},{"damage":29,"enemies":"Spheric Guardian","floor":18,"turns":6},{"damage":2,"enemies":"3 Byrds","floor":21,"turns":4},{"damage":24,"enemies":"Snake Plant","floor":22,"turns":6},{"damage":12,"enemies":"Gremlin Leader","floor":23,"turns":4},{"damage":35,"enemies":"Slavers","floor":25,"turns":3},{"damage":22,"enemies":"Book of Stabbing","floor":27,"turns":5},{"damage":12,"enemies":"3 Cultists","floor":30,"turns":4},{"damage":10,"enemies":"Centurion and Healer","floor":31,"turns":3},{"damage":18,"enemies":"Champ","floor":33,"turns":11},{"damage":15,"enemies":"3 Shapes","floor":35,"turns":5},{"damage":1,"enemies":"Mind Bloom Boss Battle","floor":36,"turns":8},{"damage":6,"enemies":"Orb Walker","floor":39,"turns":5},{"damage":6,"enemies":"Giant Head","floor":40,"turns":5},{"damage":23,"enemies":"Jaw Worm Horde","floor":41,"turns":4},{"damage":6,"enemies":"Nemesis","floor":42,"turns":12},{"damage":0,"enemies":"Giant Head","floor":44,"turns":3},{"damage":6,"enemies":"3 Darklings","floor":45,"turns":5},{"damage":6,"enemies":"Transient","floor":46,"turns":6},{"damage":27,"enemies":"Spire Growth","floor":47,"turns":6},{"damage":0,"enemies":"4 Shapes","floor":48,"turns":6},{"damage":31,"enemies":"Donu and Deca","floor":50,"turns":8},{"damage":18,"enemies":"Awakened One","floor":51,"turns":6},{"damage":21,"enemies":"Shield and Spear","floor":55,"turns":5},{"damage":60,"enemies":"The Heart","floor":56,"turns":7}],"seed_played":"2035762090151269027","potions_obtained":[{"floor":1,"key":"Ancient Potion"},{"floor":10,"key":"Poison Potion"},{"floor":11,"key":"Fire Potion"},{"floor":14,"key":"Strength Potion"},{"floor":21,"key":"Weak Potion"},{"floor":22,"key":"Explosive Potion"},{"floor":23,"key":"Poison Potion"},{"floor":30,"key":"Explosive Potion"},{"floor":31,"key":"Energy Potion"},{"floor":45,"key":"SpeedPotion"},{"floor":47,"key":"Strength Potion"},{"floor":55,"key":"SkillPotion"}],"is_trial":false,"path_per_floor":["M","?","?","$","T","R","M","E","T","E","M","?","E","M","R","B",null,"M","?","$","M","M","E","$","E","T","E","R","?","M","M","R","B",null,"M","?","?","$","M","E","M","E","T","E","M","M","M","M","R","B","B",null,"R","$","E","B",null],"character_chosen":"IRONCLAD","items_purchased":["Disarm","Regen Potion","Vajra","Medical Kit","Dead Branch","DollysMirror","Master of Strategy","Kunai"],"campfire_rested":1,"item_purchase_floors":[4,4,24,24,38,38,54,54],"current_hp_per_floor":[74,63,37,37,37,37,55,61,61,43,54,54,42,52,52,34,60,52,52,52,59,56,57,57,40,40,36,36,24,33,44,44,44,79,73,81,81,81,81,84,73,76,76,85,88,91,74,95,95,85,88,129,142,142,130,92],"gold":50,"neow_bonus":"THREE_ENEMY_KILL","is_prod":false,"is_daily":false,"chose_seed":false,"campfire_upgraded":4,"win_rate":0,"timestamp":1553202748,"path_taken":["M","?","?","$","?","R","M","E","T","E","?","?","E","M","R","BOSS","M","?","$","M","M","E","$","E","T","E","R","?","M","?","R","BOSS","M","?","?","$","M","E","M","E","T","E","M","?","M","M","R","BOSS","BOSS","R","$","E","BOSS"],"build_version":"2019-03-15","purchased_purges":2,"victory":true,"max_hp_per_floor":[75,75,75,75,75,75,75,75,75,75,75,68,68,68,68,68,68,71,71,71,74,77,84,84,84,84,84,84,84,87,90,90,90,90,93,96,96,96,96,99,105,108,108,111,114,117,121,136,136,139,142,142,142,142,145,149],"card_choices":[{"not_picked":["Carnage","Rage"],"picked":"Anger","floor":1},{"not_picked":["Twin Strike","Blood for Blood"],"picked":"Uppercut","floor":7},{"not_picked":["Entrench","Infernal Blade"],"picked":"Whirlwind","floor":8},{"not_picked":["Exhume","Shrug It Off"],"picked":"Inflame","floor":10},{"not_picked":["Anger","Blood for Blood","Clothesline"],"picked":"SKIP","floor":11},{"not_picked":["Exhume","Clash"],"picked":"Heavy Blade","floor":13},{"not_picked":["Pommel Strike","Cleave"],"picked":"Combust","floor":14},{"not_picked":["Berserk","Dark Embrace"],"picked":"Feed","floor":16},{"not_picked":["Cleave","Sword Boomerang"],"picked":"Rage","floor":18},{"not_picked":["Clash","Flex"],"picked":"Feel No Pain","floor":21},{"not_picked":["Twin Strike+1","Corruption"],"picked":"Headbutt","floor":22},{"not_picked":["Sword Boomerang+1","Headbutt"],"picked":"Shrug It Off","floor":23},{"not_picked":["Intimidate+1","Heavy Blade"],"picked":"Dark Embrace","floor":25},{"not_picked":["Armaments","Sever Soul"],"picked":"Heavy Blade+1","floor":27},{"not_picked":["Battle Trance","Sword Boomerang+1"],"picked":"Shrug It Off","floor":30},{"not_picked":["Second Wind","Searing Blow","Whirlwind+1"],"picked":"SKIP","floor":31},{"not_picked":["Limit Break","Impervious"],"picked":"Offering","floor":33},{"not_picked":["Sword Boomerang+1","Fire Breathing+1"],"picked":"Warcry+1","floor":35},{"not_picked":["Warcry","Clothesline"],"picked":"Spot Weakness","floor":36},{"not_picked":["Clash+1","Sword Boomerang"],"picked":"Battle Trance","floor":39},{"not_picked":["Rampage","Headbutt","Warcry"],"picked":"SKIP","floor":40},{"not_picked":["Burning Pact","Hemokinesis","Pommel Strike"],"picked":"SKIP","floor":41},{"not_picked":["Pommel Strike","Wild Strike+1"],"picked":"Corruption+1","floor":42},{"not_picked":["Iron Wave","Anger"],"picked":"Barricade","floor":44},{"not_picked":["Armaments","True Grit","Wild Strike"],"picked":"SKIP","floor":45},{"not_picked":["Hemokinesis","Corruption","Combust"],"picked":"SKIP","floor":46},{"not_picked":["Wild Strike","Headbutt"],"picked":"Shrug It Off","floor":47},{"not_picked":["Sword Boomerang+1","Ghostly Armor","Cleave"],"picked":"SKIP","floor":48},{"not_picked":["Clash","Wild Strike","Infernal Blade+1"],"picked":"SKIP","floor":55}],"player_experience":5276229,"relics_obtained":[{"floor":5,"key":"Meat on the Bone"},{"floor":8,"key":"Centennial Puzzle"},{"floor":10,"key":"Red Skull"},{"floor":13,"key":"PreservedInsect"},{"floor":23,"key":"Strawberry"},{"floor":25,"key":"MawBank"},{"floor":26,"key":"Champion Belt"},{"floor":27,"key":"Oddly Smooth Stone"},{"floor":36,"key":"Old Coin"},{"floor":40,"key":"Ice Cream"},{"floor":42,"key":"Smiling Mask"},{"floor":43,"key":"Orichalcum"},{"floor":44,"key":"Pen Nib"},{"floor":55,"key":"Whetstone"}],"event_choices":[{"damage_healed":0,"gold_gain":75,"player_choice":"Gather Gold","damage_taken":11,"max_hp_gain":0,"max_hp_loss":0,"event_name":"World of Goop","floor":2,"gold_loss":0},{"damage_healed":0,"gold_gain":0,"player_choice":"Success","damage_taken":26,"relics_obtained":["Paper Frog"],"max_hp_gain":0,"max_hp_loss":0,"event_name":"Scrap Ooze","floor":3,"gold_loss":0},{"damage_healed":0,"gold_gain":0,"player_choice":"Lose Max HP","damage_taken":0,"relics_obtained":["Golden Idol"],"max_hp_gain":0,"max_hp_loss":7,"event_name":"Golden Idol","floor":12,"gold_loss":0},{"damage_healed":0,"gold_gain":50,"player_choice":"Stole From Cult","damage_taken":0,"max_hp_gain":0,"max_hp_loss":0,"event_name":"Nest","floor":19,"gold_loss":0},{"damage_healed":0,"gold_gain":0,"player_choice":"Damaged","damage_taken":12,"max_hp_gain":0,"max_hp_loss":0,"event_name":"Wheel of Change","floor":29,"gold_loss":0},{"damage_healed":0,"gold_gain":0,"player_choice":"Fight","damage_taken":0,"max_hp_gain":0,"max_hp_loss":0,"event_name":"MindBloom","floor":36,"gold_loss":0},{"damage_healed":0,"gold_gain":0,"player_choice":"Ignored","damage_taken":0,"max_hp_gain":0,"max_hp_loss":0,"event_name":"SecretPortal","floor":37,"gold_loss":0}],"is_beta":true,"boss_relics":[{"not_picked":["White Beast Statue","Calling Bell"],"picked":"Pandora\u0027s Box"},{"not_picked":["Mark of Pain","Black Star"],"picked":"Fusion Hammer"}],"items_purged_floors":[20,38],"is_endless":false,"potions_floor_spawned":[1,10,11,14,21,22,23,30,31,36,39,45,46,47,55],"ascension_level":20}