{"gold_per_floor":[109,23,23,39,58,91,91,123,123,123,123,138,170,13,13,13],"floor_reached":16,"playtime":1075,"items_purged":[],"score":236,"play_id":"ee26491c-e34d-406d-bff3-4eb2ad73259d","local_time":"20190327142134","is_ascension_mode":true,"campfire_choices":[{"data":"Zap","floor":7,"key":"SMITH"},{"floor":11,"key":"DIG"},{"floor":15,"key":"DIG"}],"neow_cost":"NONE","seed_source_timestamp":72480496682523,"circlet_count":0,"master_deck":["AscendersBane","Strike_B","Strike_B","Strike_B","Strike_B","Defend_B","Defend_B","Defend_B","Defend_B","Zap+1","Dualcast","Ball Lightning","Self Repair","Coolheaded+1","Genetic Algorithm","Conserve Battery","Seek"],"relics":["Cracked Core","NeowsBlessing","Emotion Chip","Mercury Hourglass","Shovel","Pen Nib","Mummified Hand","Bag of Preparation","PreservedInsect"],"potions_floor_usage":[8,8,8,12],"damage_taken":[{"damage":0,"enemies":"Small Slimes","floor":1,"turns":1},{"damage":0,"enemies":"Cultist","floor":4,"turns":1},{"damage":0,"enemies":"2 Louse","floor":5,"turns":1},{"damage":23,"enemies":"Lagavulin","floor":6,"turns":10},{"damage":8,"enemies":"Gremlin Nob","floor":8,"turns":3},{"damage":21,"enemies":"Exordium Thugs","floor":12,"turns":5},{"damage":18,"enemies":"3 Sentries","floor":13,"turns":6},{"damage":23,"enemies":"The Guardian","floor":16,"turns":8}],"seed_played":"-8161767017232463980","potions_obtained":[{"floor":3,"key":"EntropicBrew"},{"floor":3,"key":"Ancient Potion"},{"floor":8,"key":"Poison Potion"}],"is_trial":false,"path_per_floor":["M","$","?","M","M","E","R","E","T","?","R","M","E","$","R","B"],"character_chosen":"DEFECT","items_purchased":["Self Repair","Bag of Preparation"],"campfire_rested":0,"item_purchase_floors":[2,14],"current_hp_per_floor":[64,64,64,71,71,55,55,54,54,54,54,40,22,22,22,0],"gold":13,"neow_bonus":"THREE_ENEMY_KILL","is_prod":false,"is_daily":false,"chose_seed":false,"campfire_upgraded":1,"win_rate":0,"timestamp":1553721694,"path_taken":["M","$","?","M","?","E","R","E","T","?","R","M","E","?","R","BOSS"],"build_version":"2019-03-15","purchased_purges":0,"victory":false,"max_hp_per_floor":[71,71,71,71,71,71,71,71,71,71,71,71,71,71,71,71],"card_choices":[{"not_picked":["Barrage","Sweeping Beam"],"picked":"Ball Lightning","floor":1},{"not_picked":["Sweeping Beam","Rebound"],"picked":"Coolheaded","floor":4},{"not_picked":["Streamline","Aggregate","Chaos"],"picked":"SKIP","floor":5},{"not_picked":["Sweeping Beam","Go for the Eyes"],"picked":"Genetic Algorithm","floor":6},{"not_picked":["Thunder Strike","Tempest","Go for the Eyes"],"picked":"SKIP","floor":8},{"not_picked":["Gash","Go for the Eyes"],"picked":"Conserve Battery","floor":12},{"not_picked":["Rip and Tear","Redo"],"picked":"Seek","floor":13}],"player_experience":5355166,"relics_obtained":[{"floor":6,"key":"Emotion Chip"},{"floor":8,"key":"Mercury Hourglass"},{"floor":9,"key":"Shovel"},{"floor":11,"key":"Pen Nib"},{"floor":13,"key":"Mummified Hand"},{"floor":15,"key":"PreservedInsect"}],"event_choices":[{"damage_healed":0,"gold_gain":0,"player_choice":"Got Potions","damage_taken":0,"max_hp_gain":0,"max_hp_loss":0,"event_name":"Lab","floor":3,"gold_loss":0},{"damage_healed":0,"gold_gain":0,"player_choice":"Grow","damage_taken":0,"max_hp_gain":0,"max_hp_loss":0,"event_name":"Living Wall","floor":10,"gold_loss":0,"cards_upgraded":["Coolheaded"]}],"is_beta":true,"boss_relics":[],"items_purged_floors":[],"is_endless":false,"potions_floor_spawned":[5,6,8],"killed_by":"The Guardian","ascension_level":20}