{"gold_per_floor":[113,128,128,3,17,17,46,60,113,113,144,144,44,72,72,147,147,162,87,33,47,65,65,65],"floor_reached":24,"playtime":1457,"items_purged":["Pain","Strike_R"],"score":428,"play_id":"dfeaccde-186e-4b14-9110-811dd2e6c351","local_time":"20190324143921","is_ascension_mode":true,"campfire_choices":[{"data":"Bash","floor":6,"key":"SMITH"},{"data":"Anger","floor":10,"key":"SMITH"},{"data":"Limit Break","floor":15,"key":"SMITH"},{"data":"Carnage","floor":23,"key":"SMITH"}],"neow_cost":"NONE","seed_source_timestamp":55614819466900,"circlet_count":0,"master_deck":["AscendersBane","Strike_R","Strike_R","Strike_R","Defend_R","Defend_R","Defend_R","Defend_R","Bash+1","Battle Trance","Carnage+1","Shrug It Off","Anger+1","Burning Pact","Brutality","Limit Break+1","Clothesline","Reaper","Headbutt+1","Heavy Blade+1"],"relics":["Burning Blood","Centennial Puzzle","WarpedTongs","Matryoshka","Pen Nib","Vajra","Juzu Bracelet","PreservedInsect","Dodecahedron","Runic Pyramid"],"potions_floor_usage":[7,18,22,22],"damage_taken":[{"damage":2,"enemies":"Cultist","floor":1,"turns":4},{"damage":9,"enemies":"Jaw Worm","floor":2,"turns":4},{"damage":0,"enemies":"2 Louse","floor":5,"turns":3},{"damage":8,"enemies":"Gremlin Nob","floor":7,"turns":3},{"damage":3,"enemies":"Blue Slaver","floor":8,"turns":5},{"damage":19,"enemies":"3 Sentries","floor":11,"turns":7},{"damage":10,"enemies":"Gremlin Nob","floor":14,"turns":3},{"damage":26,"enemies":"Hexaghost","floor":16,"turns":8},{"damage":25,"enemies":"Spheric Guardian","floor":18,"turns":7},{"damage":34,"enemies":"Shell Parasite","floor":21,"turns":7},{"damage":33,"enemies":"Cultist and Chosen","floor":22,"turns":7},{"damage":63,"enemies":"Slavers","floor":24,"turns":5}],"seed_played":"2582727442011633424","potions_obtained":[{"floor":1,"key":"FearPotion"},{"floor":5,"key":"SkillPotion"},{"floor":7,"key":"Block Potion"},{"floor":14,"key":"Energy Potion"}],"is_trial":false,"path_per_floor":["M","M","?","$","M","R","E","M","T","R","E","?","$","E","R","B",null,"M","?","$","M","M","R","E"],"character_chosen":"IRONCLAD","items_purchased":["Shrug It Off","Energy Potion"],"campfire_rested":0,"item_purchase_floors":[4,20],"current_hp_per_floor":[72,69,69,69,75,75,73,75,75,75,62,62,62,58,58,38,66,56,56,56,56,55,55,0],"gold":65,"neow_bonus":"RANDOM_COMMON_RELIC","is_prod":false,"is_daily":false,"chose_seed":false,"campfire_upgraded":4,"win_rate":0,"timestamp":1553463561,"path_taken":["M","?","?","$","?","R","E","M","T","R","E","?","?","E","R","BOSS","M","?","$","M","M","R","E"],"build_version":"2019-03-15","purchased_purges":2,"victory":false,"max_hp_per_floor":[75,75,75,75,75,75,75,75,75,75,75,75,75,75,75,75,75,75,75,75,75,75,75,75],"card_choices":[{"not_picked":["Evolve","Hemokinesis"],"picked":"Battle Trance","floor":1},{"not_picked":["Perfected Strike","Twin Strike"],"picked":"Carnage","floor":2},{"not_picked":["Rupture","Iron Wave"],"picked":"Anger","floor":5},{"not_picked":["Perfected Strike","Infernal Blade"],"picked":"Burning Pact","floor":7},{"not_picked":["Sword Boomerang","Power Through"],"picked":"Brutality","floor":8},{"not_picked":["Carnage","Shrug It Off"],"picked":"Limit Break","floor":11},{"not_picked":["Power Through","Wild Strike"],"picked":"Clothesline","floor":14},{"not_picked":["Brutality","Dark Embrace"],"picked":"Reaper","floor":16},{"not_picked":["Clothesline+1","Pommel Strike"],"picked":"Headbutt+1","floor":18},{"not_picked":["Pommel Strike","Heavy Blade","Headbutt"],"picked":"SKIP","floor":21},{"not_picked":["Wild Strike","Clash"],"picked":"Heavy Blade+1","floor":22}],"player_experience":5333176,"relics_obtained":[{"floor":7,"key":"Matryoshka"},{"floor":9,"key":"Pen Nib"},{"floor":9,"key":"Vajra"},{"floor":11,"key":"Juzu Bracelet"},{"floor":14,"key":"Dodecahedron"}],"event_choices":[{"damage_healed":0,"gold_gain":0,"player_choice":"Rummage","damage_taken":0,"relics_obtained":["WarpedTongs"],"max_hp_gain":0,"max_hp_loss":0,"event_name":"Accursed Blacksmith","floor":3,"gold_loss":0,"cards_obtained":["Pain"]},{"damage_healed":0,"gold_gain":0,"player_choice":"Gave Potion","damage_taken":0,"relics_obtained":["PreservedInsect"],"max_hp_gain":0,"max_hp_loss":0,"event_name":"WeMeetAgain","floor":12,"gold_loss":0},{"cards_removed":["Strike_R"],"damage_healed":0,"gold_gain":0,"player_choice":"Gave Gold","damage_taken":0,"max_hp_gain":0,"max_hp_loss":0,"event_name":"Beggar","floor":19,"gold_loss":75}],"is_beta":true,"boss_relics":[{"not_picked":["Calling Bell","Velvet Choker"],"picked":"Runic Pyramid"}],"items_purged_floors":[4,13],"is_endless":false,"potions_floor_spawned":[1,5,7,14],"killed_by":"Slavers","ascension_level":20}