{"gold_per_floor":[113,113,113,159,179,179,192,217,217,232,249,249,249,284,284,380,380,404,404,429,429,445,486,486,517,540,540,583,583,596,178,178,274,274,287,287,287,302,89,89,124,147,147,147,180,180,91,107,107,107,107,107,107,56,87,87],"floor_reached":57,"playtime":5336,"items_purged":["Strike_G+1"],"score":2802,"play_id":"3d8cb296-dfbd-4f51-8ad2-a49049236a1f","local_time":"20190324161006","is_ascension_mode":true,"campfire_choices":[{"data":"Strike_G","floor":6,"key":"SMITH"},{"data":"1","floor":12,"key":"LIFT"},{"data":"2","floor":15,"key":"LIFT"},{"data":"3","floor":24,"key":"LIFT"},{"floor":29,"key":"REST"},{"floor":32,"key":"REST"},{"data":"Wraith Form v2","floor":40,"key":"SMITH"},{"floor":46,"key":"RECALL"},{"data":"Caltrops","floor":49,"key":"SMITH"},{"floor":53,"key":"REST"}],"neow_cost":"NONE","seed_source_timestamp":57117982527993,"circlet_count":0,"master_deck":["AscendersBane","Defend_G+1","Defend_G+1","Defend_G+1","Defend_G+1","Defend_G+1","Strike_G+1","Strike_G+1","Strike_G+1","Survivor","Neutralize+1","Footwork","Cloak And Dagger","Wraith Form v2+1","Flying Knee","Riddle With Holes","Backflip","Noxious Fumes","Malaise","Deflect","Dagger Spray","Cloak And Dagger","Blade Dance","Well Laid Plans","Dodge and Roll+1","Calculated Gamble+1","Night Terror+1","Cloak And Dagger+1","Dark Shackles+1","Flash of Steel","Backflip+1","Cloak And Dagger+1","Acrobatics+1","Crippling Poison+1","Prepared+1","Caltrops+1","After Image","Backflip+1"],"relics":["Ring of the Serpent","Orichalcum","Boot","Girya","Golden Idol","Pear","Sozu","MutagenicStrength","The Specimen","Kunai","Ancient Tea Set","Toxic Egg 2","Snake Skull","Chemical X","Paper Crane","Bag of Marbles","Bronze Scales"],"potions_floor_usage":[16,55],"damage_taken":[{"damage":16,"enemies":"Jaw Worm","floor":1,"turns":8},{"damage":0,"enemies":"2 Louse","floor":5,"turns":4},{"damage":0,"enemies":"Cultist","floor":7,"turns":5},{"damage":20,"enemies":"3 Sentries","floor":8,"turns":17},{"damage":0,"enemies":"2 Fungi Beasts","floor":10,"turns":6},{"damage":0,"enemies":"Exordium Wildlife","floor":11,"turns":3},{"damage":26,"enemies":"Gremlin Nob","floor":14,"turns":5},{"damage":12,"enemies":"Hexaghost","floor":16,"turns":9},{"damage":0,"enemies":"Chosen","floor":18,"turns":6},{"damage":0,"enemies":"Spheric Guardian","floor":20,"turns":5},{"damage":3,"enemies":"Snake Plant","floor":22,"turns":5},{"damage":23,"enemies":"Slavers","floor":23,"turns":6},{"damage":2,"enemies":"Gremlin Leader","floor":25,"turns":7},{"damage":21,"enemies":"Slavers","floor":28,"turns":8},{"damage":5,"enemies":"3 Cultists","floor":30,"turns":5},{"damage":6,"enemies":"Collector","floor":33,"turns":10},{"damage":0,"enemies":"Orb Walker","floor":35,"turns":5},{"damage":0,"enemies":"3 Shapes","floor":38,"turns":3},{"damage":0,"enemies":"Reptomancer","floor":41,"turns":7},{"damage":0,"enemies":"Writhing Mass","floor":42,"turns":12},{"damage":0,"enemies":"Nemesis","floor":45,"turns":9},{"damage":4,"enemies":"Transient","floor":48,"turns":6},{"damage":3,"enemies":"Awakened One","floor":50,"turns":25},{"damage":23,"enemies":"Donu and Deca","floor":51,"turns":13},{"damage":6,"enemies":"Shield and Spear","floor":55,"turns":17},{"damage":41,"enemies":"The Heart","floor":56,"turns":12}],"seed_played":"-4414092342262165307","potions_obtained":[{"floor":1,"key":"Block Potion"},{"floor":14,"key":"FearPotion"},{"floor":16,"key":"GamblersBrew"}],"is_trial":false,"path_per_floor":["M","?","?","T","M","R","M","E","T","M","M","R","?","E","R","B",null,"M","?","M","?","M","E","R","E","T","?","E","R","M","$","R","B",null,"M","?","?","M","$","R","E","M","T","?","E","R","$","M","R","B","B",null,"R","$","E","B",null],"character_chosen":"THE_SILENT","items_purchased":["Snake Skull","Well Laid Plans","Dodge and Roll+1","Calculated Gamble+1","Chemical X","Caltrops","Backflip+1"],"campfire_rested":3,"item_purchase_floors":[31,31,31,31,39,47,54],"current_hp_per_floor":[49,49,49,49,49,49,49,29,29,29,29,29,29,13,13,1,57,57,57,57,57,54,31,31,29,29,29,8,30,25,25,47,41,67,67,67,57,57,57,57,57,57,57,57,57,57,57,53,53,50,27,60,71,71,65,24],"gold":87,"neow_bonus":"TEN_PERCENT_HP_BONUS","is_prod":false,"is_daily":false,"chose_seed":false,"campfire_upgraded":3,"win_rate":0,"timestamp":1553469006,"path_taken":["M","?","?","?","M","R","M","E","T","M","?","R","?","E","R","BOSS","M","?","M","?","M","E","R","E","T","?","E","R","M","$","R","BOSS","M","?","?","M","$","R","E","M","T","?","E","R","$","M","R","BOSS","BOSS","R","$","E","BOSS"],"build_version":"2019-03-15","purchased_purges":1,"victory":true,"max_hp_per_floor":[72,72,72,72,72,72,72,72,72,72,72,72,65,75,75,75,75,75,75,75,75,75,75,75,75,75,75,75,75,75,75,75,75,75,75,71,71,71,71,71,71,71,71,71,71,71,71,71,71,71,71,71,71,71,71,71],"card_choices":[{"not_picked":["Reflex","Underhanded Strike"],"picked":"Footwork","floor":1},{"not_picked":["Blade Dance","Endless Agony"],"picked":"Cloak And Dagger","floor":5},{"not_picked":["Quick Slash","Dagger Spray"],"picked":"Wraith Form v2","floor":7},{"not_picked":["Infinite Blades","Storm of Steel"],"picked":"Flying Knee","floor":8},{"not_picked":["Setup","Distraction"],"picked":"Riddle With Holes","floor":10},{"not_picked":["Acrobatics","Deadly Poison"],"picked":"Backflip","floor":11},{"not_picked":["Sucker Punch","Endless Agony"],"picked":"Noxious Fumes","floor":14},{"not_picked":["Tools of the Trade","Doppelganger"],"picked":"Malaise","floor":16},{"not_picked":["Bouncing Flask","Eviscerate+1"],"picked":"Deflect","floor":18},{"not_picked":["Tactician","Flechettes"],"picked":"Dagger Spray","floor":20},{"not_picked":["Infinite Blades","Blade Dance","Deadly Poison"],"picked":"SKIP","floor":22},{"not_picked":["Masterful Stab+1","Acrobatics"],"picked":"Cloak And Dagger","floor":23},{"not_picked":["Dagger Throw","Masterful Stab","Sucker Punch"],"picked":"SKIP","floor":25},{"not_picked":["Poisoned Stab","Bane","Dagger Spray"],"picked":"SKIP","floor":28},{"not_picked":["Masterful Stab","Tactician+1","Caltrops"],"picked":"SKIP","floor":30},{"not_picked":["Wraith Form v2","Malaise+1"],"picked":"Night Terror+1","floor":33},{"not_picked":["Poisoned Stab","Outmaneuver+1"],"picked":"Cloak And Dagger+1","floor":35},{"not_picked":["Panacea+1","Purity+1"],"picked":"Dark Shackles+1","floor":37},{"not_picked":["Good Instincts+1","Violence+1"],"picked":"Flash of Steel","floor":37},{"not_picked":["All Out Attack","Bane"],"picked":"Backflip+1","floor":38},{"not_picked":["Finisher","Deflect+1"],"picked":"Cloak And Dagger+1","floor":41},{"not_picked":["Outmaneuver+1","Underhanded Strike"],"picked":"Acrobatics+1","floor":42},{"not_picked":["Outmaneuver+1","Backstab"],"picked":"Prepared+1","floor":45},{"not_picked":["Acrobatics+1","Slice"],"picked":"After Image","floor":48},{"not_picked":["Quick Slash","Dagger Spray+1","Infinite Blades"],"picked":"SKIP","floor":55}],"player_experience":5334633,"relics_obtained":[{"floor":4,"key":"Orichalcum"},{"floor":8,"key":"Boot"},{"floor":9,"key":"Girya"},{"floor":14,"key":"Pear"},{"floor":23,"key":"The Specimen"},{"floor":25,"key":"Kunai"},{"floor":26,"key":"Ancient Tea Set"},{"floor":28,"key":"Toxic Egg 2"},{"floor":41,"key":"Paper Crane"},{"floor":45,"key":"Bag of Marbles"},{"floor":55,"key":"Bronze Scales"}],"event_choices":[{"damage_healed":0,"gold_gain":0,"player_choice":"Ignored","damage_taken":0,"max_hp_gain":0,"max_hp_loss":0,"event_name":"Liars Game","floor":2,"gold_loss":0},{"damage_healed":0,"gold_gain":0,"player_choice":"Grow","damage_taken":0,"max_hp_gain":0,"max_hp_loss":0,"event_name":"Living Wall","floor":3,"gold_loss":0,"cards_upgraded":["Neutralize"]},{"damage_healed":0,"gold_gain":0,"player_choice":"Lose Max HP","damage_taken":0,"relics_obtained":["Golden Idol"],"max_hp_gain":0,"max_hp_loss":7,"event_name":"Golden Idol","floor":13,"gold_loss":0},{"damage_healed":0,"gold_gain":0,"player_choice":"Simplicity","damage_taken":0,"max_hp_gain":0,"max_hp_loss":0,"event_name":"Back to Basics","floor":19,"gold_loss":0,"cards_upgraded":["Defend_G","Defend_G","Defend_G","Defend_G","Defend_G","Strike_G","Strike_G","Strike_G","Strike_G"]},{"damage_healed":0,"gold_gain":0,"player_choice":"Inject Mutagens","damage_taken":0,"relics_obtained":["MutagenicStrength"],"max_hp_gain":0,"max_hp_loss":0,"event_name":"Drug Dealer","floor":21,"gold_loss":0},{"damage_healed":0,"gold_gain":0,"cards_transformed":["Strike_G"],"player_choice":"Transformed","damage_taken":0,"max_hp_gain":0,"max_hp_loss":0,"event_name":"Transmorgrifier","floor":27,"gold_loss":0,"cards_obtained":["Blade Dance"]},{"damage_healed":0,"gold_gain":0,"player_choice":"Max HP","damage_taken":0,"max_hp_gain":0,"max_hp_loss":4,"event_name":"Winding Halls","floor":36,"gold_loss":0},{"damage_healed":0,"gold_gain":0,"player_choice":"Memory 3","damage_taken":10,"max_hp_gain":0,"max_hp_loss":0,"event_name":"SensoryStone","floor":37,"gold_loss":0},{"damage_healed":0,"gold_gain":0,"player_choice":"1 cards matched","damage_taken":0,"max_hp_gain":0,"max_hp_loss":0,"event_name":"Match and Keep!","floor":44,"gold_loss":0,"cards_obtained":["Crippling Poison"]}],"is_beta":true,"boss_relics":[{"not_picked":["Coffee Dripper","Ectoplasm"],"picked":"Sozu"},{"not_picked":["Velvet Choker","Calling Bell"],"picked":"Ring of the Serpent"}],"items_purged_floors":[31],"is_endless":false,"potions_floor_spawned":[1,14,16,22,28,38,42,45],"ascension_level":20}