{"gold_per_floor":[115,132,132,147,158,158,185,185,185,210,230,265,265,291,291,291],"floor_reached":16,"playtime":755,"items_purged":[],"score":310,"play_id":"71f4e3f4-e3ae-4c27-90d0-a7f554d76255","local_time":"20190410165344","is_ascension_mode":true,"campfire_choices":[{"data":"Quick Slash","floor":6,"key":"SMITH"},{"floor":8,"key":"REST"},{"data":"Sucker Punch","floor":15,"key":"SMITH"}],"neow_cost":"NONE","seed_source_timestamp":9798153760748,"circlet_count":0,"master_deck":["AscendersBane","Defend_G","Defend_G","Defend_G","Defend_G","Defend_G","Strike_G","Strike_G","Strike_G","Strike_G","Strike_G","Survivor","Neutralize","Backstab","Backstab","Sucker Punch+1","Quick Slash+1","Dagger Throw","Dagger Spray","Well Laid Plans","Dash+1"],"relics":["Ring of the Snake","Centennial Puzzle","Du-Vu Doll","The Courier","Orichalcum","Molten Egg 2"],"potions_floor_usage":[7,12,14],"damage_taken":[{"damage":4,"enemies":"Small Slimes","floor":1,"turns":5},{"damage":2,"enemies":"Jaw Worm","floor":2,"turns":3},{"damage":0,"enemies":"Cultist","floor":4,"turns":4},{"damage":4,"enemies":"Red Slaver","floor":5,"turns":3},{"damage":23,"enemies":"Lagavulin","floor":7,"turns":6},{"damage":14,"enemies":"3 Sentries","floor":10,"turns":8},{"damage":0,"enemies":"Lots of Slimes","floor":11,"turns":2},{"damage":29,"enemies":"Lagavulin","floor":12,"turns":6},{"damage":0,"enemies":"Gremlin Nob","floor":14,"turns":3},{"damage":29,"enemies":"Hexaghost","floor":16,"turns":10}],"seed_played":"3033596761329818108","potions_obtained":[{"floor":2,"key":"Explosive Potion"},{"floor":10,"key":"Regen Potion"},{"floor":12,"key":"FearPotion"},{"floor":14,"key":"Ancient Potion"}],"is_trial":false,"path_per_floor":["M","M","?","M","M","R","E","R","T","E","M","E","?","E","R","B"],"character_chosen":"THE_SILENT","items_purchased":[],"campfire_rested":1,"item_purchase_floors":[],"current_hp_per_floor":[55,53,58,58,54,54,31,52,52,38,38,24,24,24,24,0],"gold":291,"neow_bonus":"RANDOM_COMMON_RELIC","is_prod":false,"is_daily":false,"chose_seed":false,"campfire_upgraded":2,"win_rate":0,"timestamp":1554940424,"path_taken":["M","M","?","M","M","R","E","R","T","E","M","E","?","E","R","BOSS"],"build_version":"2019-04-04","purchased_purges":0,"victory":false,"max_hp_per_floor":[66,66,71,71,71,71,71,71,71,71,71,71,71,71,71,71],"card_choices":[{"not_picked":["Sucker Punch","PiercingWail"],"picked":"Backstab","floor":1},{"not_picked":["Dagger Spray","Caltrops"],"picked":"Backstab","floor":2},{"not_picked":["Expertise","Flying Knee"],"picked":"Sucker Punch","floor":4},{"not_picked":["Sucker Punch","Eviscerate"],"picked":"Quick Slash","floor":5},{"not_picked":["Storm of Steel","Quick Slash","Blade Dance"],"picked":"SKIP","floor":7},{"not_picked":["Outmaneuver","Quick Slash"],"picked":"Dagger Throw","floor":10},{"not_picked":["Heel Hook","Poisoned Stab"],"picked":"Dagger Spray","floor":11},{"not_picked":["Prepared","Endless Agony"],"picked":"Well Laid Plans","floor":12},{"not_picked":["Prepared","Acrobatics"],"picked":"Dash","floor":14}],"player_experience":5515420,"relics_obtained":[{"floor":7,"key":"Du-Vu Doll"},{"floor":10,"key":"The Courier"},{"floor":12,"key":"Orichalcum"},{"floor":14,"key":"Molten Egg 2"}],"event_choices":[{"damage_healed":0,"gold_gain":0,"player_choice":"Donut","damage_taken":0,"max_hp_gain":5,"max_hp_loss":0,"event_name":"Big Fish","floor":3,"gold_loss":0},{"damage_healed":0,"gold_gain":0,"player_choice":"Leave","damage_taken":0,"max_hp_gain":0,"max_hp_loss":0,"event_name":"FaceTrader","floor":13,"gold_loss":0}],"is_beta":true,"boss_relics":[],"items_purged_floors":[],"is_endless":false,"potions_floor_spawned":[2,10,12,14],"killed_by":"Hexaghost","ascension_level":20}