{"gold_per_floor":[111,125,140,140,158,158,178,178,178,194,194,220,220,254,254,331,331,351,19,19,69,102,134,134,134,134,168,187,187,187,217,217,293,293,306,324,249,249,163,195,195,38,64,64,64,91,91,119,119,119,119,119,119,82,111,111],"floor_reached":57,"playtime":4541,"items_purged":["Skewer","Quick Slash"],"score":3150,"play_id":"07e7d698-c86b-4d64-b8c4-96aa02345d62","local_time":"20190409152822","is_ascension_mode":true,"campfire_choices":[{"data":"Skewer","floor":6,"key":"SMITH"},{"data":"Noxious Fumes","floor":8,"key":"SMITH"},{"data":"Neutralize","floor":13,"key":"SMITH"},{"data":"Well Laid Plans","floor":15,"key":"SMITH"},{"data":"PiercingWail","floor":25,"key":"SMITH"},{"data":"Sucker Punch","floor":30,"key":"SMITH"},{"data":"Bane","floor":32,"key":"SMITH"},{"data":"Well Laid Plans","floor":41,"key":"SMITH"},{"floor":44,"key":"RECALL"},{"data":"Survivor","floor":49,"key":"SMITH"},{"floor":53,"key":"REST"}],"neow_cost":"NONE","seed_source_timestamp":91867683657994,"circlet_count":0,"master_deck":["AscendersBane","Survivor+1","Neutralize+1","Noxious Fumes+1","Skewer+1","PiercingWail+1","Well Laid Plans+1","Dodge and Roll+1","Wraith Form v2+1","Burst+1","Poisoned Stab+1","Backflip+1","Bane+1","Sucker Punch+1","Terror+1","PiercingWail+1","Deadly Poison+1","Prepared+1","Backflip+1","Crippling Poison+1","Corpse Explosion+1","Prepared+1","Acrobatics+1","Well Laid Plans+1","Escape Plan+1","PiercingWail+1","Finesse+1","Secret Technique+1","Blind+1","Backflip+1","Night Terror+1","Leg Sweep+1","Bouncing Flask+1"],"relics":["Ring of the Snake","Bronze Scales","Orichalcum","Juzu Bracelet","Toxic Egg 2","Pandora\u0027s Box","Bird Faced Urn","Red Mask","Gambling Chip","The Specimen","Pocketwatch","Dodecahedron","Sozu","Bag of Marbles","Vajra","Tough Bandages","Pantograph"],"potions_floor_usage":[14,14,22,23,56],"damage_taken":[{"damage":6,"enemies":"Cultist","floor":1,"turns":5},{"damage":2,"enemies":"Jaw Worm","floor":2,"turns":6},{"damage":4,"enemies":"Small Slimes","floor":3,"turns":4},{"damage":23,"enemies":"Exordium Thugs","floor":5,"turns":7},{"damage":2,"enemies":"2 Fungi Beasts","floor":7,"turns":3},{"damage":4,"enemies":"Gremlin Gang","floor":10,"turns":5},{"damage":8,"enemies":"3 Sentries","floor":12,"turns":7},{"damage":14,"enemies":"Gremlin Nob","floor":14,"turns":4},{"damage":8,"enemies":"Hexaghost","floor":16,"turns":10},{"damage":0,"enemies":"Spheric Guardian","floor":18,"turns":5},{"damage":7,"enemies":"Masked Bandits","floor":22,"turns":6},{"damage":15,"enemies":"Slavers","floor":23,"turns":5},{"damage":4,"enemies":"Book of Stabbing","floor":27,"turns":4},{"damage":0,"enemies":"Chosen","floor":28,"turns":4},{"damage":2,"enemies":"Gremlin Leader","floor":31,"turns":5},{"damage":0,"enemies":"Collector","floor":33,"turns":6},{"damage":0,"enemies":"3 Darklings","floor":35,"turns":3},{"damage":0,"enemies":"3 Shapes","floor":36,"turns":2},{"damage":0,"enemies":"Reptomancer","floor":40,"turns":4},{"damage":0,"enemies":"Nemesis","floor":46,"turns":7},{"damage":0,"enemies":"Giant Head","floor":48,"turns":7},{"damage":0,"enemies":"Awakened One","floor":50,"turns":12},{"damage":15,"enemies":"Time Eater","floor":51,"turns":19},{"damage":0,"enemies":"Shield and Spear","floor":55,"turns":6},{"damage":46,"enemies":"The Heart","floor":56,"turns":13}],"seed_played":"-4130422075265857373","potions_obtained":[{"floor":2,"key":"Dexterity Potion"},{"floor":5,"key":"Energy Potion"},{"floor":10,"key":"Explosive Potion"},{"floor":16,"key":"SteroidPotion"},{"floor":18,"key":"Block Potion"},{"floor":22,"key":"AttackPotion"},{"floor":23,"key":"FearPotion"},{"floor":27,"key":"SkillPotion"},{"floor":33,"key":"SteroidPotion"}],"is_trial":false,"path_per_floor":["M","M","M","?","M","R","M","R","T","M","?","E","R","E","R","B",null,"M","$","?","?","?","E","?","R","T","E","M","?","R","E","R","B",null,"M","M","$","?","$","E","R","$","T","R","?","E","?","E","R","B","B",null,"R","$","E","B",null],"character_chosen":"THE_SILENT","items_purchased":["Bird Faced Urn","Well Laid Plans","PiercingWail+1","Leg Sweep+1"],"campfire_rested":1,"item_purchase_floors":[19,39,42,54],"current_hp_per_floor":[53,51,47,47,24,24,22,22,22,18,40,32,32,18,18,10,52,52,52,52,52,51,42,42,42,42,42,46,76,76,76,76,76,76,76,76,76,76,76,76,76,76,76,76,66,74,74,76,76,76,76,76,76,76,76,38],"gold":111,"neow_bonus":"RANDOM_COMMON_RELIC","is_prod":false,"is_daily":false,"chose_seed":false,"campfire_upgraded":9,"win_rate":0,"timestamp":1554848902,"path_taken":["M","M","M","?","M","R","M","R","T","M","?","E","R","E","R","BOSS","M","$","?","?","?","E","?","R","T","E","M","?","R","E","R","BOSS","M","M","$","?","?","E","R","$","T","R","?","E","?","E","R","BOSS","BOSS","R","$","E","BOSS"],"build_version":"2019-04-04","purchased_purges":2,"victory":true,"max_hp_per_floor":[66,66,66,66,66,66,66,66,66,66,66,66,66,66,66,66,66,66,66,66,66,66,66,66,66,66,66,66,76,76,76,76,76,76,76,76,76,76,76,76,76,76,76,76,76,76,76,76,76,76,76,76,76,76,76,76],"card_choices":[{"not_picked":["Bane","Setup","Blade Dance"],"picked":"SKIP","floor":1},{"not_picked":["PiercingWail","Outmaneuver"],"picked":"Noxious Fumes","floor":2},{"not_picked":["Prepared","Flechettes","Slice"],"picked":"SKIP","floor":3},{"not_picked":["Quick Slash","Prepared"],"picked":"Skewer","floor":5},{"not_picked":["Quick Slash","A Thousand Cuts"],"picked":"PiercingWail","floor":7},{"not_picked":["Dodge and Roll","Backflip"],"picked":"Well Laid Plans","floor":10},{"not_picked":["Slice","Eviscerate","Acrobatics"],"picked":"SKIP","floor":12},{"not_picked":["Bane","Poisoned Stab"],"picked":"Dodge and Roll","floor":14},{"not_picked":["Grand Finale","Burst+1"],"picked":"Wraith Form v2","floor":16},{"not_picked":["Dash","Bane"],"picked":"PiercingWail+1","floor":18},{"not_picked":["Sucker Punch","Underhanded Strike+1"],"picked":"Deadly Poison+1","floor":22},{"not_picked":["Skewer","Acrobatics+1"],"picked":"Prepared+1","floor":23},{"not_picked":["Outmaneuver+1","Deflect+1"],"picked":"Backflip+1","floor":27},{"not_picked":["Blur+1","Tactician+1"],"picked":"Crippling Poison+1","floor":28},{"not_picked":["Predator","Masterful Stab","Finisher"],"picked":"SKIP","floor":31},{"not_picked":["Storm of Steel+1","Unload"],"picked":"Corpse Explosion+1","floor":33},{"not_picked":["Slice","Poisoned Stab+1"],"picked":"Prepared+1","floor":35},{"not_picked":["Outmaneuver+1","Sucker Punch"],"picked":"Acrobatics+1","floor":36},{"not_picked":["Noxious Fumes","Quick Slash"],"picked":"Escape Plan+1","floor":40},{"not_picked":["PanicButton+1","Discovery+1"],"picked":"Finesse+1","floor":45},{"not_picked":["Forethought+1","Enlightenment+1"],"picked":"Secret Technique+1","floor":45},{"not_picked":["Trip+1","Metamorphosis+1"],"picked":"Blind+1","floor":45},{"not_picked":["Prepared+1","Tools of the Trade"],"picked":"Backflip+1","floor":46},{"not_picked":["All Out Attack","Backflip+1"],"picked":"Night Terror+1","floor":48},{"not_picked":["Infinite Blades","Flying Knee"],"picked":"Bouncing Flask+1","floor":55}],"player_experience":5503335,"relics_obtained":[{"floor":9,"key":"Orichalcum"},{"floor":12,"key":"Juzu Bracelet"},{"floor":14,"key":"Toxic Egg 2"},{"floor":22,"key":"Red Mask"},{"floor":23,"key":"Gambling Chip"},{"floor":26,"key":"The Specimen"},{"floor":27,"key":"Pocketwatch"},{"floor":31,"key":"Dodecahedron"},{"floor":40,"key":"Bag of Marbles"},{"floor":46,"key":"Vajra"},{"floor":48,"key":"Tough Bandages"},{"floor":55,"key":"Pantograph"}],"event_choices":[{"damage_healed":0,"gold_gain":0,"player_choice":"Ignored","damage_taken":0,"max_hp_gain":0,"max_hp_loss":0,"event_name":"Liars Game","floor":4,"gold_loss":0},{"damage_healed":22,"gold_gain":0,"player_choice":"Banana","damage_taken":0,"max_hp_gain":0,"max_hp_loss":0,"event_name":"Big Fish","floor":11,"gold_loss":0},{"damage_healed":0,"gold_gain":50,"player_choice":"Pray","damage_taken":0,"max_hp_gain":0,"max_hp_loss":0,"event_name":"Golden Shrine","floor":21,"gold_loss":0},{"damage_healed":0,"gold_gain":0,"player_choice":"Fought Bandits","damage_taken":0,"max_hp_gain":0,"max_hp_loss":0,"event_name":"Masked Bandits","floor":22,"gold_loss":0},{"damage_healed":0,"gold_gain":0,"player_choice":"Upgraded","damage_taken":0,"max_hp_gain":0,"max_hp_loss":0,"event_name":"Upgrade Shrine","floor":24,"gold_loss":0,"cards_upgraded":["Wraith Form v2"]},{"cards_removed":["Unload"],"damage_healed":20,"gold_gain":0,"player_choice":"Offered Rare","damage_taken":0,"max_hp_gain":10,"max_hp_loss":0,"event_name":"Bonfire Elementals","floor":29,"gold_loss":0},{"damage_healed":0,"gold_gain":0,"player_choice":"Upgraded","damage_taken":0,"max_hp_gain":0,"max_hp_loss":0,"event_name":"Upgrade Shrine","floor":38,"gold_loss":0,"cards_upgraded":["Poisoned Stab"]},{"damage_healed":0,"gold_gain":0,"player_choice":"Memory 3","damage_taken":10,"max_hp_gain":0,"max_hp_loss":0,"event_name":"SensoryStone","floor":45,"gold_loss":0},{"cards_removed":["Flying Knee"],"damage_healed":0,"gold_gain":0,"player_choice":"Purged","damage_taken":0,"max_hp_gain":0,"max_hp_loss":0,"event_name":"Purifier","floor":47,"gold_loss":0}],"is_beta":true,"boss_relics":[{"not_picked":["White Beast Statue","Ring of the Serpent"],"picked":"Pandora\u0027s Box"},{"not_picked":["Calling Bell","WristBlade"],"picked":"Sozu"}],"items_purged_floors":[37,42],"is_endless":false,"potions_floor_spawned":[2,5,10,16,18,22,23,27,33,40,46],"ascension_level":20}