{"gold_per_floor":[109,79,98,98,116,116,135,163,163,193,193,110,110,129,129,204,204,222,235,235,269,22,22,55,55,110,130,130,147,147,172,172,246,246,265,265,283,297,519,551,551,163,163,163,192,192,203,237,237,237,237,237,237,13,47,47],"floor_reached":57,"playtime":4768,"items_purged":["Strike_R","Pain","Strike_R"],"score":2747,"play_id":"21db18e6-5a0a-4d99-b045-fd2913c679b9","local_time":"20190410163818","is_ascension_mode":true,"campfire_choices":[{"data":"Bash","floor":6,"key":"SMITH"},{"data":"Clothesline","floor":11,"key":"SMITH"},{"data":"Disarm","floor":15,"key":"SMITH"},{"data":"Demon Form","floor":23,"key":"SMITH"},{"data":"Demon Form","floor":28,"key":"SMITH"},{"data":"Battle Trance","floor":32,"key":"SMITH"},{"floor":41,"key":"RECALL"},{"data":"Heavy Blade","floor":44,"key":"SMITH"},{"data":"Flame Barrier","floor":49,"key":"SMITH"},{"data":"Secret Technique","floor":53,"key":"SMITH"}],"neow_cost":"NONE","seed_source_timestamp":4823687994261,"circlet_count":0,"master_deck":["AscendersBane","Strike_R","Defend_R","Defend_R","Defend_R+1","Defend_R","Bash+1","Wild Strike","Clothesline+1","Battle Trance+1","Sword Boomerang","Demon Form+1","Iron Wave","Disarm+1","Reaper","Shrug It Off","Shrug It Off","Demon Form+1","Battle Trance+1","Anger","Reaper","Heavy Blade+1","Secret Technique+1","Warcry+1","Metallicize+1","Flame Barrier+1","Dark Embrace","Anger","True Grit+1","True Grit+1","Corruption","Disarm+1","Clothesline"],"relics":["Burning Blood","Red Skull","War Paint","Thread and Needle","WarpedTongs","Runic Dome","Red Mask","Sling","Anchor","Nloth\u0027s Gift","Lantern","Matryoshka","Lizard Tail","Darkstone Periapt","Medical Kit","Potion Belt","Toxic Egg 2","Bottled Lightning","Mummified Hand","Boot"],"potions_floor_usage":[3,7,21,31,56,56,56,56],"damage_taken":[{"damage":4,"enemies":"Small Slimes","floor":1,"turns":4},{"damage":0,"enemies":"Cultist","floor":3,"turns":2},{"damage":1,"enemies":"2 Louse","floor":5,"turns":3},{"damage":25,"enemies":"Exordium Thugs","floor":7,"turns":6},{"damage":35,"enemies":"Lagavulin","floor":8,"turns":5},{"damage":34,"enemies":"3 Sentries","floor":10,"turns":8},{"damage":2,"enemies":"2 Fungi Beasts","floor":14,"turns":2},{"damage":9,"enemies":"Hexaghost","floor":16,"turns":7},{"damage":35,"enemies":"Spheric Guardian","floor":18,"turns":6},{"damage":14,"enemies":"Chosen","floor":19,"turns":7},{"damage":44,"enemies":"Masked Bandits","floor":21,"turns":4},{"damage":8,"enemies":"Book of Stabbing","floor":24,"turns":6},{"damage":56,"enemies":"3 Cultists","floor":27,"turns":7},{"damage":12,"enemies":"Centurion and Healer","floor":29,"turns":6},{"damage":58,"enemies":"Slavers","floor":31,"turns":6},{"damage":58,"enemies":"Automaton","floor":33,"turns":8},{"damage":0,"enemies":"3 Shapes","floor":35,"turns":8},{"damage":95,"enemies":"3 Darklings","floor":37,"turns":6},{"damage":61,"enemies":"Sphere and 2 Shapes","floor":38,"turns":8},{"damage":33,"enemies":"Reptomancer","floor":40,"turns":5},{"damage":45,"enemies":"Giant Head","floor":45,"turns":7},{"damage":28,"enemies":"Maw","floor":47,"turns":7},{"damage":85,"enemies":"Reptomancer","floor":48,"turns":6},{"damage":36,"enemies":"Time Eater","floor":50,"turns":8},{"damage":112,"enemies":"Donu and Deca","floor":51,"turns":10},{"damage":61,"enemies":"Shield and Spear","floor":55,"turns":9},{"damage":79,"enemies":"The Heart","floor":56,"turns":9}],"seed_played":"-1396965926827081672","potions_obtained":[{"floor":2,"key":"Regen Potion"},{"floor":2,"key":"Fruit Juice"},{"floor":3,"key":"Ancient Potion"},{"floor":10,"key":"Ancient Potion"},{"floor":14,"key":"Energy Potion"},{"floor":16,"key":"PowerPotion"},{"floor":18,"key":"PowerPotion"},{"floor":24,"key":"FearPotion"},{"floor":29,"key":"GamblersBrew"},{"floor":31,"key":"Ancient Potion"},{"floor":47,"key":"SpeedPotion"},{"floor":48,"key":"Explosive Potion"}],"is_trial":false,"path_per_floor":["M","?","M","?","M","R","M","E","T","E","R","$","?","M","R","B",null,"M","M","?","?","$","R","E","?","T","M","R","M","T","E","R","B",null,"M","?","M","M","?","E","R","$","T","R","E","?","M","E","R","B","B",null,"R","$","E","B",null],"character_chosen":"IRONCLAD","items_purchased":["Iron Wave","Sling","Medical Kit","Flame Barrier","Corruption","Disarm+1","Weak Potion"],"campfire_rested":0,"item_purchase_floors":[12,22,42,42,54,54,54],"current_hp_per_floor":[70,70,80,80,80,80,75,46,46,18,18,18,18,22,22,19,65,46,57,57,49,49,49,69,69,69,53,53,80,80,52,52,29,67,80,70,64,78,78,80,80,80,80,80,63,63,66,67,67,80,62,76,76,76,60,10],"gold":47,"neow_bonus":"RANDOM_COMMON_RELIC","is_prod":false,"is_daily":false,"chose_seed":false,"campfire_upgraded":9,"win_rate":0,"timestamp":1554939498,"path_taken":["M","?","?","?","?","R","M","E","T","E","R","?","?","?","R","BOSS","M","M","?","?","$","R","E","?","T","?","R","M","?","E","R","BOSS","M","?","M","M","?","E","R","$","T","R","E","?","?","E","R","BOSS","BOSS","R","$","E","BOSS"],"build_version":"2019-04-04","purchased_purges":3,"victory":true,"max_hp_per_floor":[75,75,80,80,80,80,80,80,80,80,80,80,80,80,80,80,80,80,80,80,80,80,80,80,80,80,80,80,80,80,80,80,80,80,80,80,80,80,80,80,80,80,80,80,80,80,80,80,80,80,80,80,80,80,80,80],"card_choices":[{"not_picked":["True Grit","Cleave"],"picked":"Wild Strike","floor":1},{"not_picked":["Heavy Blade","Second Wind"],"picked":"Clothesline","floor":3},{"not_picked":["Havoc","Clothesline","Heavy Blade"],"picked":"SKIP","floor":5},{"not_picked":["Havoc","Evolve"],"picked":"Battle Trance","floor":7},{"not_picked":["Clash","Twin Strike"],"picked":"Sword Boomerang","floor":8},{"not_picked":["Clash","Headbutt"],"picked":"Demon Form","floor":10},{"not_picked":["True Grit","Dropkick"],"picked":"Disarm","floor":14},{"not_picked":["Immolate","Limit Break"],"picked":"Reaper","floor":16},{"not_picked":["Flex","Heavy Blade"],"picked":"Shrug It Off","floor":18},{"not_picked":["Perfected Strike","Twin Strike","Warcry"],"picked":"SKIP","floor":19},{"not_picked":["Sentinel","Brutality"],"picked":"Shrug It Off","floor":21},{"not_picked":["Perfected Strike","Carnage","Rupture"],"picked":"SKIP","floor":24},{"not_picked":["Body Slam","Rampage"],"picked":"Demon Form","floor":27},{"not_picked":["Sword Boomerang","Ghostly Armor+1"],"picked":"Battle Trance","floor":29},{"not_picked":["Perfected Strike","Power Through"],"picked":"Anger","floor":31},{"not_picked":["Bludgeon","Dark Embrace"],"picked":"Reaper","floor":33},{"not_picked":["Twin Strike+1","Cleave"],"picked":"Heavy Blade","floor":35},{"not_picked":["Trip","Apotheosis"],"picked":"Secret Technique","floor":36},{"not_picked":["Sword Boomerang","Cleave","Warcry"],"picked":"SKIP","floor":37},{"not_picked":["Headbutt+1","Shrug It Off"],"picked":"Warcry+1","floor":38},{"not_picked":["Warcry","Carnage+1"],"picked":"Metallicize+1","floor":40},{"not_picked":["Bludgeon","Clash+1"],"picked":"Dark Embrace","floor":45},{"not_picked":["Inflame","Heavy Blade"],"picked":"True Grit+1","floor":47},{"not_picked":["Feed","Wild Strike"],"picked":"True Grit+1","floor":48},{"not_picked":["Feed","Thunderclap"],"picked":"Clothesline","floor":55}],"player_experience":5510652,"relics_obtained":[{"floor":8,"key":"War Paint"},{"floor":9,"key":"The Courier"},{"floor":10,"key":"Thread and Needle"},{"floor":21,"key":"Red Mask"},{"floor":24,"key":"Anchor"},{"floor":26,"key":"Lantern"},{"floor":31,"key":"Matryoshka"},{"floor":40,"key":"Darkstone Periapt"},{"floor":43,"key":"Potion Belt"},{"floor":43,"key":"Toxic Egg 2"},{"floor":45,"key":"Bottled Lightning"},{"floor":48,"key":"Mummified Hand"},{"floor":55,"key":"Boot"}],"event_choices":[{"damage_healed":0,"gold_gain":0,"player_choice":"Bought 2 Potions","damage_taken":0,"max_hp_gain":0,"max_hp_loss":0,"event_name":"The Woman in Blue","floor":2,"gold_loss":0},{"cards_removed":["Strike_R"],"damage_healed":0,"gold_gain":0,"player_choice":"Purged","damage_taken":0,"max_hp_gain":0,"max_hp_loss":0,"event_name":"Purifier","floor":4,"gold_loss":0},{"damage_healed":0,"gold_gain":0,"player_choice":"Rummage","damage_taken":0,"relics_obtained":["WarpedTongs"],"max_hp_gain":0,"max_hp_loss":0,"event_name":"Accursed Blacksmith","floor":13,"gold_loss":0,"cards_obtained":["Pain"]},{"damage_healed":0,"gold_gain":0,"player_choice":"Ignored","damage_taken":0,"max_hp_gain":0,"max_hp_loss":0,"event_name":"Vampires","floor":20,"gold_loss":0},{"damage_healed":0,"gold_gain":0,"player_choice":"Fought Bandits","damage_taken":0,"max_hp_gain":0,"max_hp_loss":0,"event_name":"Masked Bandits","floor":21,"gold_loss":0},{"damage_healed":0,"gold_gain":0,"player_choice":"Traded Relic","damage_taken":0,"relics_obtained":["Nloth\u0027s Gift"],"max_hp_gain":0,"max_hp_loss":0,"event_name":"N\u0027loth","floor":25,"relics_lost":["The Courier"],"gold_loss":0},{"damage_healed":0,"gold_gain":0,"player_choice":"Memory 3","damage_taken":10,"max_hp_gain":0,"max_hp_loss":0,"event_name":"SensoryStone","floor":36,"gold_loss":0},{"damage_healed":0,"gold_gain":222,"player_choice":"Wore Mask","damage_taken":0,"max_hp_gain":0,"max_hp_loss":0,"event_name":"Tomb of Lord Red Mask","floor":39,"gold_loss":0},{"damage_healed":0,"gold_gain":0,"cards_transformed":["Strike_R"],"player_choice":"Transformed","damage_taken":0,"max_hp_gain":0,"max_hp_loss":0,"event_name":"Transmorgrifier","floor":46,"gold_loss":0,"cards_obtained":["Anger"]}],"is_beta":true,"boss_relics":[{"not_picked":["Tiny House","Runic Cube"],"picked":"Runic Dome"},{"not_picked":["Black Blood","Calling Bell"],"picked":"Lizard Tail"}],"items_purged_floors":[12,22,42],"is_endless":false,"potions_floor_spawned":[3,10,14,16,18,24,29,31,35,38,40,47,48],"ascension_level":20}