{"gold_per_floor":[118,118,118,43,56,91,91,132,132,6,19,19,35,56,56,152,152,167,167,167,190,23,66,66,81,81,81,97,140,140,158,158,251,251,266,286,286,310,90,124,124,155,155,155,211,544,544,13,13,13,13,13,13,13,48,48],"floor_reached":56,"playtime":7078,"items_purged":["Aggregate","Strike_B","Strike_B"],"score":2227,"play_id":"a6520986-4763-4aa5-9101-4aab1bb2b8f7","local_time":"20190409132213","is_ascension_mode":true,"campfire_choices":[{"data":"Defragment","floor":7,"key":"SMITH"},{"floor":12,"key":"DIG"},{"floor":15,"key":"DIG"},{"floor":24,"key":"DIG"},{"floor":27,"key":"DIG"},{"floor":30,"key":"DIG"},{"floor":32,"key":"DIG"},{"floor":41,"key":"DIG"},{"floor":47,"key":"DIG"},{"floor":49,"key":"RECALL"},{"floor":53,"key":"DIG"}],"neow_cost":"NONE","seed_source_timestamp":81794590089089,"circlet_count":0,"master_deck":["AscendersBane","Strike_B","Defend_B","Defend_B","Defend_B","Defend_B","Zap","Dualcast","Gash","Sweeping Beam","Defragment+1","Cold Snap","Coolheaded","Hologram","Compile Driver","Steam","Ghostly","Ghostly","Ghostly","Defragment","Loop","Sunder","Coolheaded","Go for the Eyes","Biased Cognition","BootSequence","Genetic Algorithm","PanicButton","Chill","Heatsinks","Capacitor","Storm","Loop","Reprogram+1","Chill+1","Loop","Defragment","Defragment","Defragment","Doom and Gloom"],"relics":["Cracked Core","NeowsBlessing","Art of War","Shovel","Shuriken","Unceasing Top","Pen Nib","Fusion Hammer","Lantern","Dead Branch","The Courier","Mummified Hand","Matryoshka","Meat on the Bone","Emotion Chip","Sozu","Omamori","Pantograph","Ornamental Fan","Bottled Flame","Gambling Chip","Mercury Hourglass","Membership Card","Bottled Tornado","Bird Faced Urn","Symbiotic Virus","Bottled Lightning"],"potions_floor_usage":[11,16,18,23,33,33,42],"damage_taken":[{"damage":0,"enemies":"2 Louse","floor":1,"turns":1},{"damage":0,"enemies":"Cultist","floor":5,"turns":1},{"damage":0,"enemies":"3 Sentries","floor":6,"turns":1},{"damage":20,"enemies":"Lagavulin","floor":8,"turns":6},{"damage":2,"enemies":"Jaw Worm","floor":11,"turns":6},{"damage":7,"enemies":"2 Fungi Beasts","floor":13,"turns":3},{"damage":5,"enemies":"Large Slime","floor":14,"turns":9},{"damage":30,"enemies":"Slime Boss","floor":16,"turns":9},{"damage":16,"enemies":"3 Byrds","floor":18,"turns":4},{"damage":0,"enemies":"Chosen","floor":21,"turns":8},{"damage":28,"enemies":"Book of Stabbing","floor":23,"turns":7},{"damage":0,"enemies":"Centurion and Healer","floor":25,"turns":6},{"damage":0,"enemies":"Snake Plant","floor":28,"turns":4},{"damage":0,"enemies":"Gremlin Leader","floor":29,"turns":4},{"damage":0,"enemies":"3 Cultists","floor":31,"turns":7},{"damage":13,"enemies":"Automaton","floor":33,"turns":10},{"damage":18,"enemies":"3 Shapes","floor":35,"turns":4},{"damage":0,"enemies":"3 Darklings","floor":36,"turns":3},{"damage":0,"enemies":"Sphere and 2 Shapes","floor":38,"turns":5},{"damage":0,"enemies":"Nemesis","floor":40,"turns":5},{"damage":0,"enemies":"Giant Head","floor":42,"turns":8},{"damage":10,"enemies":"2 Orb Walkers","floor":45,"turns":4},{"damage":5,"enemies":"Donu and Deca","floor":50,"turns":6},{"damage":2,"enemies":"Awakened One","floor":51,"turns":15},{"damage":2,"enemies":"Shield and Spear","floor":55,"turns":6},{"damage":48,"enemies":"The Heart","floor":56,"turns":9}],"seed_played":"-3483842001270595682","potions_obtained":[{"floor":5,"key":"Regen Potion"},{"floor":8,"key":"Poison Potion"},{"floor":13,"key":"Strength Potion"},{"floor":16,"key":"GamblersBrew"},{"floor":18,"key":"SpeedPotion"},{"floor":28,"key":"GamblersBrew"},{"floor":33,"key":"SkillPotion"}],"is_trial":false,"path_per_floor":["M","?","?","$","M","E","R","E","T","$","M","R","M","M","R","B",null,"M","?","?","M","$","E","R","M","T","R","M","E","R","M","R","B",null,"M","M","?","M","$","E","R","E","T","?","?","?","R","$","R","B","B",null,"R","$","E","B"],"character_chosen":"DEFECT","items_purchased":["Coolheaded","Sunder","Heatsinks","Capacitor","Storm","Loop","Membership Card","Loop","Defragment","Defragment","Defragment","Bottled Tornado","Bird Faced Urn"],"campfire_rested":0,"item_purchase_floors":[10,22,39,39,39,39,48,48,48,48,48,48,48],"current_hp_per_floor":[64,64,64,64,64,64,64,44,44,44,57,57,50,45,45,15,52,36,32,32,32,32,4,4,4,4,4,4,4,4,16,16,15,28,22,22,12,24,24,24,24,24,24,30,20,20,20,20,20,27,32,32,32,32,32,0],"gold":48,"neow_bonus":"THREE_ENEMY_KILL","is_prod":false,"is_daily":false,"chose_seed":false,"campfire_upgraded":1,"win_rate":0,"timestamp":1554841333,"path_taken":["M","?","?","$","M","E","R","E","T","$","M","R","M","M","R","BOSS","M","?","?","M","$","E","R","M","T","R","M","E","R","M","R","BOSS","M","M","?","M","$","E","R","E","T","?","?","?","R","?","R","BOSS","BOSS","R","$","E","BOSS"],"build_version":"2019-04-04","purchased_purges":3,"victory":false,"max_hp_per_floor":[71,64,64,64,64,64,64,64,64,64,64,64,64,64,64,64,64,64,32,32,32,32,32,32,32,32,32,32,32,32,32,32,32,32,32,32,32,32,32,32,32,32,32,32,32,32,32,32,32,32,32,32,32,32,32,32],"card_choices":[{"not_picked":["Streamline","Leap"],"picked":"Gash","floor":1},{"not_picked":["Rebound","Sunder"],"picked":"Sweeping Beam","floor":5},{"not_picked":["Leap","Rebound"],"picked":"Defragment","floor":6},{"not_picked":["Compile Driver","Turbo"],"picked":"Cold Snap","floor":8},{"not_picked":["Steam","Beam Cell"],"picked":"Hologram","floor":11},{"not_picked":["Skim","Meteor Strike","Sunder"],"picked":"SKIP","floor":13},{"not_picked":["Coolheaded","Static Discharge"],"picked":"Compile Driver","floor":14},{"not_picked":["Skim","Hologram"],"picked":"Steam","floor":18},{"not_picked":["Turbo+1","Beam Cell"],"picked":"Loop","floor":21},{"not_picked":["Compile Driver","Fusion"],"picked":"Coolheaded","floor":23},{"not_picked":["Turbo","Rebound","Reprogram"],"picked":"SKIP","floor":25},{"not_picked":["Double Energy","Rebound","Turbo"],"picked":"SKIP","floor":28},{"not_picked":["Leap","Skim","Stack"],"picked":"SKIP","floor":29},{"not_picked":["Turbo","Steam"],"picked":"Go for the Eyes","floor":31},{"not_picked":["All For One","Hyperbeam"],"picked":"Biased Cognition","floor":33},{"not_picked":["Stack","Rip and Tear+1"],"picked":"BootSequence","floor":35},{"not_picked":["Leap","Conserve Battery"],"picked":"Genetic Algorithm","floor":36},{"not_picked":["Impatience","Trip"],"picked":"PanicButton","floor":37},{"not_picked":["Barrage","Aggregate+1"],"picked":"Chill","floor":38},{"not_picked":["Genetic Algorithm","Chill"],"picked":"Reprogram+1","floor":40},{"not_picked":["Turbo","Barrage"],"picked":"Chill+1","floor":42},{"not_picked":["Auto Shields","Chill+1"],"picked":"Doom and Gloom","floor":55}],"player_experience":5493353,"relics_obtained":[{"floor":6,"key":"Art of War"},{"floor":8,"key":"Shovel"},{"floor":9,"key":"Shuriken"},{"floor":12,"key":"Unceasing Top"},{"floor":15,"key":"Pen Nib"},{"floor":23,"key":"Lantern"},{"floor":24,"key":"Dead Branch"},{"floor":26,"key":"The Courier"},{"floor":27,"key":"Mummified Hand"},{"floor":29,"key":"Matryoshka"},{"floor":30,"key":"Meat on the Bone"},{"floor":32,"key":"Emotion Chip"},{"floor":40,"key":"Omamori"},{"floor":41,"key":"Pantograph"},{"floor":42,"key":"Ornamental Fan"},{"floor":43,"key":"Bottled Flame"},{"floor":45,"key":"Gambling Chip"},{"floor":47,"key":"Mercury Hourglass"},{"floor":53,"key":"Symbiotic Virus"},{"floor":55,"key":"Bottled Lightning"}],"event_choices":[{"damage_healed":0,"gold_gain":0,"player_choice":"Lose Max HP","damage_taken":0,"relics_obtained":["Golden Idol"],"max_hp_gain":0,"max_hp_loss":7,"event_name":"Golden Idol","floor":2,"gold_loss":0},{"damage_healed":0,"gold_gain":0,"cards_transformed":["Strike_B"],"player_choice":"Transformed","damage_taken":0,"max_hp_gain":0,"max_hp_loss":0,"event_name":"Transmorgrifier","floor":3,"gold_loss":0,"cards_obtained":["Aggregate"]},{"damage_healed":0,"gold_gain":0,"player_choice":"Became a Ghost","damage_taken":0,"max_hp_gain":0,"max_hp_loss":32,"event_name":"Ghosts","floor":19,"gold_loss":0,"cards_obtained":["Ghostly","Ghostly","Ghostly"]},{"damage_healed":0,"gold_gain":0,"player_choice":"Read","damage_taken":0,"max_hp_gain":0,"max_hp_loss":0,"event_name":"The Library","floor":20,"gold_loss":0,"cards_obtained":["Defragment"]},{"damage_healed":0,"gold_gain":0,"player_choice":"Memory 3","damage_taken":10,"max_hp_gain":0,"max_hp_loss":0,"event_name":"SensoryStone","floor":37,"gold_loss":0},{"damage_healed":6,"gold_gain":0,"player_choice":"Writhe","damage_taken":0,"max_hp_gain":0,"max_hp_loss":0,"event_name":"Winding Halls","floor":44,"gold_loss":0,"cards_obtained":["Writhe"]},{"damage_healed":0,"gold_gain":0,"player_choice":"Fight","damage_taken":0,"max_hp_gain":0,"max_hp_loss":0,"event_name":"Mysterious Sphere","floor":45,"gold_loss":0},{"damage_healed":0,"gold_gain":333,"player_choice":"Gave Idol","damage_taken":0,"max_hp_gain":0,"max_hp_loss":0,"event_name":"The Moai Head","floor":46,"relics_lost":["Golden Idol"],"gold_loss":0}],"is_beta":true,"boss_relics":[{"not_picked":["Busted Crown","Calling Bell"],"picked":"Fusion Hammer"},{"not_picked":["Pandora\u0027s Box","White Beast Statue"],"picked":"Sozu"}],"items_purged_floors":[4,10,22],"is_endless":false,"potions_floor_spawned":[5,8,13,16,18,28,31,33,36,42],"killed_by":"The Heart","ascension_level":20}