{"gold_per_floor":[117,127,127,52,52,52,65,101,101,101,101,139,159,172,172,271,271,285,309,150,100,115,115,156,156,156,156,156,196,219,238,238,334,334,358,691,741,753,766,766,786,786,832,885,902,902],"floor_reached":46,"playtime":3896,"items_purged":["Strike_G"],"score":1065,"play_id":"d3dd7e72-d0da-49a2-96aa-3694eb4b2836","local_time":"20190402171547","is_ascension_mode":true,"campfire_choices":[{"data":"Deadly Poison","floor":6,"key":"SMITH"},{"data":"Dagger Throw","floor":10,"key":"SMITH"},{"floor":15,"key":"REST"},{"data":"All Out Attack","floor":23,"key":"SMITH"},{"data":"Predator","floor":25,"key":"SMITH"},{"floor":28,"key":"REST"},{"data":"Cloak And Dagger","floor":32,"key":"SMITH"},{"data":"Wraith Form v2","floor":40,"key":"SMITH"},{"data":"Poisoned Stab","floor":42,"key":"SMITH"}],"neow_cost":"NONE","seed_source_timestamp":9360988871496,"circlet_count":0,"master_deck":["AscendersBane","Defend_G","Defend_G","Defend_G","Defend_G","Defend_G","Strike_G","Strike_G","Survivor","Neutralize+1","Deadly Poison+1","Infinite Blades","Dagger Throw+1","Cloak And Dagger+1","Endless Agony","Backflip","Adrenaline","Escape Plan","All Out Attack+1","Predator+1","Backflip","Blade Dance","Wraith Form v2+1","PiercingWail","Dodge and Roll","Dodge and Roll+1","Poisoned Stab+1","After Image","Deflect"],"relics":["Ring of the Snake","Mango","Thread and Needle","Kunai","Sozu","Juzu Bracelet","NlothsMask","Bottled Flame","Runic Pyramid","Ginger"],"potions_floor_usage":[13,14,24,44],"damage_taken":[{"damage":0,"enemies":"2 Louse","floor":1,"turns":3},{"damage":2,"enemies":"Small Slimes","floor":2,"turns":5},{"damage":0,"enemies":"Cultist","floor":7,"turns":4},{"damage":17,"enemies":"Lagavulin","floor":8,"turns":8},{"damage":35,"enemies":"Gremlin Nob","floor":12,"turns":5},{"damage":0,"enemies":"3 Louse","floor":13,"turns":4},{"damage":0,"enemies":"Gremlin Gang","floor":14,"turns":4},{"damage":0,"enemies":"The Guardian","floor":16,"turns":12},{"damage":1,"enemies":"Chosen","floor":18,"turns":7},{"damage":0,"enemies":"3 Byrds","floor":19,"turns":5},{"damage":0,"enemies":"Snake Plant","floor":22,"turns":4},{"damage":23,"enemies":"Slavers","floor":24,"turns":6},{"damage":5,"enemies":"Book of Stabbing","floor":29,"turns":5},{"damage":11,"enemies":"Shelled Parasite and Fungi","floor":30,"turns":7},{"damage":0,"enemies":"Centurion and Healer","floor":31,"turns":7},{"damage":5,"enemies":"Automaton","floor":33,"turns":15},{"damage":0,"enemies":"Orb Walker","floor":35,"turns":4},{"damage":0,"enemies":"3 Shapes","floor":38,"turns":6},{"damage":5,"enemies":"Writhing Mass","floor":39,"turns":11},{"damage":0,"enemies":"Transient","floor":41,"turns":6},{"damage":45,"enemies":"2 Orb Walkers","floor":44,"turns":8},{"damage":0,"enemies":"Sphere and 2 Shapes","floor":45,"turns":9},{"damage":16,"enemies":"Reptomancer","floor":46,"turns":7}],"seed_played":"-2851601638652154001","potions_obtained":[{"floor":2,"key":"Weak Potion"},{"floor":12,"key":"AttackPotion"},{"floor":14,"key":"AttackPotion"},{"floor":16,"key":"SkillPotion"}],"is_trial":false,"path_per_floor":["M","M","?","?","?","R","M","E","T","R","?","E","M","M","R","B",null,"M","M","$","?","M","R","E","R","T","?","R","E","M","M","R","B",null,"M","?","?","M","M","R","M","R","T","?","M","E"],"character_chosen":"THE_SILENT","items_purchased":["All Out Attack"],"campfire_rested":2,"item_purchase_floors":[20],"current_hp_per_floor":[59,57,57,57,50,50,50,47,47,47,36,1,1,1,23,23,61,60,60,60,60,60,60,37,37,37,37,59,54,43,43,43,38,65,65,65,65,65,60,60,60,60,60,15,15,0],"gold":902,"neow_bonus":"UPGRADE_CARD","is_prod":false,"is_daily":false,"chose_seed":false,"campfire_upgraded":7,"win_rate":0,"timestamp":1554250547,"path_taken":["M","M","?","?","?","R","M","E","T","R","?","E","M","M","R","BOSS","M","M","$","?","?","R","E","R","T","?","R","E","M","M","R","BOSS","M","?","?","M","M","R","M","R","T","?","M","E"],"build_version":"2019-03-15","purchased_purges":1,"victory":false,"max_hp_per_floor":[66,66,60,60,60,60,60,74,74,74,74,74,74,74,74,74,74,74,74,74,74,74,74,74,74,74,74,74,74,74,74,74,74,74,74,74,74,74,74,74,74,74,74,74,74,74],"card_choices":[{"not_picked":["Outmaneuver","Slice"],"picked":"Deadly Poison","floor":1},{"not_picked":["All Out Attack","Bane"],"picked":"Infinite Blades","floor":2},{"not_picked":["Catalyst","Eviscerate"],"picked":"Dagger Throw","floor":7},{"not_picked":["Prepared","Underhanded Strike"],"picked":"Cloak And Dagger","floor":8},{"not_picked":["Sucker Punch","Catalyst","Acrobatics"],"picked":"SKIP","floor":12},{"not_picked":["Reflex","Setup"],"picked":"Endless Agony","floor":13},{"not_picked":["Backstab","Poisoned Stab"],"picked":"Backflip","floor":14},{"not_picked":["Night Terror","Phantasmal Killer"],"picked":"Adrenaline","floor":16},{"not_picked":["Concentrate+1","Flechettes","Bane"],"picked":"SKIP","floor":18},{"not_picked":["Dagger Spray","Accuracy"],"picked":"Escape Plan","floor":19},{"not_picked":["Concentrate","Dodge and Roll"],"picked":"Predator","floor":22},{"not_picked":["Flying Knee+1","All Out Attack","Tactician"],"picked":"SKIP","floor":24},{"not_picked":["Eviscerate","Deadly Poison","Bane"],"picked":"SKIP","floor":29},{"not_picked":["Eviscerate","Deadly Poison+1"],"picked":"Backflip","floor":30},{"not_picked":["Flying Knee","Choke"],"picked":"Blade Dance","floor":31},{"not_picked":["Storm of Steel","Phantasmal Killer"],"picked":"Wraith Form v2","floor":33},{"not_picked":["Cloak And Dagger","Dash+1"],"picked":"PiercingWail","floor":35},{"not_picked":["Footwork","Flying Knee"],"picked":"Dodge and Roll","floor":38},{"not_picked":["Quick Slash","Deadly Poison"],"picked":"Dodge and Roll+1","floor":39},{"not_picked":["Sucker Punch","Backstab"],"picked":"Poisoned Stab","floor":41},{"not_picked":["Finisher","Blur+1"],"picked":"After Image","floor":44},{"not_picked":["Blade Dance","Finisher+1"],"picked":"Deflect","floor":45}],"player_experience":5414840,"relics_obtained":[{"floor":8,"key":"Mango"},{"floor":9,"key":"Thread and Needle"},{"floor":12,"key":"Kunai"},{"floor":24,"key":"Juzu Bracelet"},{"floor":29,"key":"Bottled Flame"},{"floor":44,"key":"Ginger"}],"event_choices":[{"damage_healed":0,"gold_gain":0,"player_choice":"Lose Max HP","damage_taken":0,"relics_obtained":["Golden Idol"],"max_hp_gain":0,"max_hp_loss":6,"event_name":"Golden Idol","floor":3,"gold_loss":0},{"cards_removed":["Strike_G"],"damage_healed":0,"gold_gain":0,"player_choice":"Card Removal","damage_taken":0,"max_hp_gain":0,"max_hp_loss":0,"event_name":"The Cleric","floor":4,"gold_loss":75},{"cards_removed":["Strike_G"],"damage_healed":0,"gold_gain":0,"player_choice":"Card Removal","damage_taken":7,"max_hp_gain":0,"max_hp_loss":0,"event_name":"Golden Wing","floor":5,"gold_loss":0},{"damage_healed":0,"gold_gain":0,"player_choice":"Fled","damage_taken":11,"max_hp_gain":0,"max_hp_loss":0,"event_name":"Scrap Ooze","floor":11,"gold_loss":0},{"damage_healed":0,"gold_gain":0,"player_choice":"Bet on Murderer","damage_taken":0,"max_hp_gain":0,"max_hp_loss":0,"event_name":"The Joust","floor":21,"gold_loss":50},{"damage_healed":0,"gold_gain":0,"player_choice":"Trade","damage_taken":0,"relics_obtained":["NlothsMask"],"max_hp_gain":0,"max_hp_loss":0,"event_name":"FaceTrader","floor":27,"gold_loss":0},{"damage_healed":0,"gold_gain":333,"player_choice":"Gave Idol","damage_taken":0,"max_hp_gain":0,"max_hp_loss":0,"event_name":"The Moai Head","floor":36,"relics_lost":["Golden Idol"],"gold_loss":0},{"damage_healed":0,"gold_gain":50,"player_choice":"Pray","damage_taken":0,"max_hp_gain":0,"max_hp_loss":0,"event_name":"Golden Shrine","floor":37,"gold_loss":0},{"damage_healed":0,"gold_gain":0,"player_choice":"Fight","damage_taken":0,"max_hp_gain":0,"max_hp_loss":0,"event_name":"Mysterious Sphere","floor":44,"gold_loss":0}],"is_beta":true,"boss_relics":[{"not_picked":["Tiny House","Philosopher\u0027s Stone"],"picked":"Sozu"},{"not_picked":["Orrery","Runic Dome"],"picked":"Runic Pyramid"}],"items_purged_floors":[20],"is_endless":false,"potions_floor_spawned":[2,12,14,16,18,22,30,33,35,39,44],"killed_by":"Reptomancer","ascension_level":20}