{"gold_per_floor":[109,34,49,61,75,101,101,132,188,188,207,207,242,254,266,352,364,392,6,6,16,16,49,49,78,102,102,112,142,157,157,157,228,228,239,239,75,125,143,143,176,176,176,176,176,176,176,205,205,205,205,205,205,7,35,35],"floor_reached":57,"playtime":5893,"items_purged":["Strike_R"],"score":2714,"play_id":"62393f28-0caf-402c-8970-503d1be61e32","local_time":"20190406125910","is_ascension_mode":true,"campfire_choices":[{"floor":7,"key":"REST"},{"floor":10,"key":"REST"},{"data":"Inflame","floor":15,"key":"SMITH"},{"floor":24,"key":"REST"},{"data":"Feel No Pain","floor":27,"key":"SMITH"},{"floor":32,"key":"REST"},{"data":"Juggernaut","floor":40,"key":"SMITH"},{"data":"Corruption","floor":42,"key":"SMITH"},{"floor":46,"key":"RECALL"},{"data":"Body Slam","floor":49,"key":"SMITH"},{"floor":53,"key":"REST"}],"neow_cost":"NONE","seed_source_timestamp":145609354062148,"circlet_count":0,"master_deck":["AscendersBane","Strike_R","Strike_R","Defend_R","Defend_R","Defend_R","Bash+1","Inflame+1","Disarm","Battle Trance","Sword Boomerang","Metallicize","Corruption+1","Feel No Pain+1","Dark Embrace","Entrench","Immolate+1","Seeing Red","Shrug It Off","Thunderclap","Offering","Flex","Juggernaut+1","Reaper","Armaments+1","Dual Wield","Entrench","Reaper","Flash of Steel","Master of Strategy","Body Slam+1","Rage","Shrug It Off","Impervious"],"relics":["Burning Blood","Torii","Orichalcum","Tiny Chest","MawBank","Runic Pyramid","Singing Bowl","Red Skull","Bronze Scales","Sundial","Black Star","Happy Flower","Nunchaku","Ornamental Fan","Darkstone Periapt","Self Forming Clay","Mercury Hourglass","Lantern","Oddly Smooth Stone","Art of War"],"potions_floor_usage":[6,6,23,23,30,38,38,48,56],"damage_taken":[{"damage":7,"enemies":"2 Louse","floor":1,"turns":4},{"damage":12,"enemies":"Jaw Worm","floor":3,"turns":2},{"damage":1,"enemies":"Cultist","floor":4,"turns":3},{"damage":21,"enemies":"Large Slime","floor":5,"turns":9},{"damage":35,"enemies":"3 Sentries","floor":6,"turns":10},{"damage":26,"enemies":"Lagavulin","floor":8,"turns":7},{"damage":6,"enemies":"3 Louse","floor":11,"turns":4},{"damage":18,"enemies":"3 Sentries","floor":13,"turns":10},{"damage":30,"enemies":"The Guardian","floor":16,"turns":15},{"damage":15,"enemies":"Spheric Guardian","floor":18,"turns":6},{"damage":11,"enemies":"Shell Parasite","floor":21,"turns":5},{"damage":12,"enemies":"Gremlin Leader","floor":23,"turns":5},{"damage":28,"enemies":"Book of Stabbing","floor":25,"turns":6},{"damage":14,"enemies":"Centurion and Healer","floor":28,"turns":2},{"damage":13,"enemies":"Gremlin Leader","floor":29,"turns":7},{"damage":18,"enemies":"Shelled Parasite and Fungi","floor":30,"turns":5},{"damage":8,"enemies":"Automaton","floor":33,"turns":8},{"damage":20,"enemies":"Orb Walker","floor":35,"turns":4},{"damage":23,"enemies":"2 Orb Walkers","floor":38,"turns":4},{"damage":25,"enemies":"3 Darklings","floor":39,"turns":8},{"damage":2,"enemies":"Nemesis","floor":41,"turns":5},{"damage":21,"enemies":"Reptomancer","floor":48,"turns":6},{"damage":48,"enemies":"Donu and Deca","floor":50,"turns":6},{"damage":71,"enemies":"Time Eater","floor":51,"turns":7},{"damage":50,"enemies":"Shield and Spear","floor":55,"turns":6},{"damage":61,"enemies":"The Heart","floor":56,"turns":9}],"seed_played":"-3039263773524209162","potions_obtained":[{"floor":1,"key":"LiquidBronze"},{"floor":3,"key":"Swift Potion"},{"floor":16,"key":"GamblersBrew"},{"floor":18,"key":"Poison Potion"},{"floor":28,"key":"Weak Potion"},{"floor":29,"key":"Energy Potion"},{"floor":33,"key":"EssenceOfSteel"},{"floor":39,"key":"PowerPotion"},{"floor":41,"key":"Block Potion"}],"is_trial":false,"path_per_floor":["M","?","M","M","M","E","R","E","T","R","M","$","E","$","R","B",null,"M","$","?","M","?","E","R","E","T","R","M","E","M","?","R","B",null,"M","T","$","?","M","R","E","R","T","?","?","R","T","E","R","B","B",null,"R","$","E","B",null],"character_chosen":"IRONCLAD","items_purchased":["Immolate","Seeing Red","Shrug It Off","Happy Flower","Rage","Shrug It Off","Block Potion"],"campfire_rested":5,"item_purchase_floors":[19,19,19,37,54,54,54],"current_hp_per_floor":[67,67,61,66,51,22,44,24,24,46,46,46,34,34,34,10,59,50,50,50,45,45,39,61,41,41,41,33,26,16,16,39,37,69,65,65,65,74,79,79,79,79,79,79,71,71,71,81,81,81,41,71,81,81,75,39],"gold":35,"neow_bonus":"UPGRADE_CARD","is_prod":false,"is_daily":false,"chose_seed":false,"campfire_upgraded":5,"win_rate":0,"timestamp":1554580750,"path_taken":["M","?","M","M","M","E","R","E","T","R","M","$","E","$","R","BOSS","M","$","?","?","?","E","R","E","T","R","M","E","M","?","R","BOSS","M","?","$","?","M","R","E","R","T","?","?","R","?","E","R","BOSS","BOSS","R","$","E","BOSS"],"build_version":"2019-04-04","purchased_purges":1,"victory":true,"max_hp_per_floor":[75,75,75,75,75,75,75,75,75,75,75,75,75,75,75,75,75,75,75,75,75,75,75,75,77,77,77,77,77,79,79,79,79,79,79,79,79,79,79,79,79,79,79,79,81,81,81,81,81,81,81,81,81,81,81,81],"card_choices":[{"not_picked":["Entrench","Sentinel","Heavy Blade"],"picked":"SKIP","floor":1},{"not_picked":["Iron Wave","Perfected Strike"],"picked":"Inflame","floor":3},{"not_picked":["Second Wind","Pommel Strike"],"picked":"Disarm","floor":4},{"not_picked":["Perfected Strike","Twin Strike"],"picked":"Battle Trance","floor":5},{"not_picked":["Entrench","Perfected Strike"],"picked":"Sword Boomerang","floor":6},{"not_picked":["Impervious","Intimidate"],"picked":"Metallicize","floor":8},{"not_picked":["Armaments","Body Slam"],"picked":"Corruption","floor":11},{"not_picked":["Iron Wave","Armaments"],"picked":"Feel No Pain","floor":13},{"not_picked":["Exhume","Barricade"],"picked":"Dark Embrace","floor":16},{"not_picked":["Wild Strike","Twin Strike+1"],"picked":"Entrench","floor":18},{"not_picked":["Evolve","Reckless Charge"],"picked":"Thunderclap","floor":21},{"not_picked":["Spot Weakness","Iron Wave"],"picked":"Offering","floor":23},{"not_picked":["Clothesline","Iron Wave","Sword Boomerang"],"picked":"Singing Bowl","floor":25},{"not_picked":["Burning Pact","Rupture"],"picked":"Flex","floor":28},{"not_picked":["Iron Wave","Battle Trance"],"picked":"Juggernaut","floor":29},{"not_picked":["Heavy Blade","Bloodletting","Flex"],"picked":"Singing Bowl","floor":30},{"not_picked":["Limit Break","Offering"],"picked":"Reaper","floor":33},{"not_picked":["Cleave+1","Thunderclap"],"picked":"Armaments+1","floor":35},{"not_picked":["Whirlwind","Cleave"],"picked":"Dual Wield","floor":38},{"not_picked":["Infernal Blade","Havoc+1"],"picked":"Entrench","floor":39},{"not_picked":["Entrench+1","Bloodletting+1"],"picked":"Reaper","floor":41},{"not_picked":["PanicButton","Dramatic Entrance"],"picked":"Flash of Steel","floor":45},{"not_picked":["Jack Of All Trades","Metamorphosis","Impatience"],"picked":"Singing Bowl","floor":45},{"not_picked":["Discovery","Metamorphosis"],"picked":"Master of Strategy","floor":45},{"not_picked":["Twin Strike","Clash"],"picked":"Body Slam","floor":48},{"not_picked":["Flex+1","Twin Strike"],"picked":"Impervious","floor":55}],"player_experience":5457691,"relics_obtained":[{"floor":6,"key":"Torii"},{"floor":8,"key":"Orichalcum"},{"floor":9,"key":"Tiny Chest"},{"floor":13,"key":"MawBank"},{"floor":23,"key":"Singing Bowl"},{"floor":25,"key":"Red Skull"},{"floor":26,"key":"Bronze Scales"},{"floor":29,"key":"Sundial"},{"floor":38,"key":"Nunchaku"},{"floor":41,"key":"Ornamental Fan"},{"floor":43,"key":"Darkstone Periapt"},{"floor":47,"key":"Self Forming Clay"},{"floor":48,"key":"Mercury Hourglass"},{"floor":48,"key":"Lantern"},{"floor":55,"key":"Oddly Smooth Stone"},{"floor":55,"key":"Art of War"}],"event_choices":[{"cards_removed":["Strike_R"],"damage_healed":0,"gold_gain":0,"player_choice":"Card Removal","damage_taken":0,"max_hp_gain":0,"max_hp_loss":0,"event_name":"The Cleric","floor":2,"gold_loss":75},{"damage_healed":0,"gold_gain":0,"player_choice":"Forge","damage_taken":0,"max_hp_gain":0,"max_hp_loss":0,"event_name":"Accursed Blacksmith","floor":20,"gold_loss":0,"cards_upgraded":["Immolate"]},{"cards_removed":["Strike_R"],"damage_healed":0,"gold_gain":0,"player_choice":"Purged","damage_taken":0,"max_hp_gain":0,"max_hp_loss":0,"event_name":"Purifier","floor":31,"gold_loss":0},{"damage_healed":0,"gold_gain":0,"player_choice":"Fight","damage_taken":0,"max_hp_gain":0,"max_hp_loss":0,"event_name":"Mysterious Sphere","floor":38,"gold_loss":0},{"cards_removed":["Defend_R"],"damage_healed":0,"gold_gain":0,"player_choice":"Removed Skill","damage_taken":0,"max_hp_gain":0,"max_hp_loss":0,"event_name":"Falling","floor":44,"gold_loss":0},{"damage_healed":0,"gold_gain":0,"player_choice":"Memory 3","damage_taken":10,"max_hp_gain":0,"max_hp_loss":0,"event_name":"SensoryStone","floor":45,"gold_loss":0}],"is_beta":true,"boss_relics":[{"not_picked":["Runic Cube","Empty Cage"],"picked":"Runic Pyramid"},{"not_picked":["Eternal Feather","Orrery"],"picked":"Black Star"}],"items_purged_floors":[19],"is_endless":false,"potions_floor_spawned":[1,3,4,16,18,21,28,29,33,39,41],"ascension_level":20}