{"gold_per_floor":[111,130,130,110,122,122,151,31,31,31,31,57,74,87,87,163,163,175,175,175,192,208,208,233,233,233,268,54,64,95,107,107,185,185,199,299,14,33,0,27,27,53,53,83,3,17,17,32,32,32,32,32,32,5,5],"floor_reached":55,"playtime":6129,"items_purged":["Strike_B","Strike_B","Defend_B"],"score":2176,"play_id":"28a4c355-6700-44b4-a90a-2bf43a72b86d","local_time":"20190401150444","is_ascension_mode":true,"campfire_choices":[{"data":"Zap","floor":6,"key":"SMITH"},{"data":"Doom and Gloom","floor":11,"key":"SMITH"},{"data":"Sweeping Beam","floor":15,"key":"SMITH"},{"data":"Ghostly","floor":23,"key":"SMITH"},{"data":"Ghostly","floor":25,"key":"SMITH"},{"data":"Ghostly","floor":32,"key":"SMITH"},{"floor":49,"key":"RECALL"},{"data":"Thunder Strike","floor":53,"key":"SMITH"}],"neow_cost":"NONE","seed_source_timestamp":29640558002933,"circlet_count":0,"master_deck":["AscendersBane","Defend_B","Defend_B","Zap+1","Dualcast","Doom and Gloom+1","Sweeping Beam+1","Glacier","Self Repair+1","Rainbow","Hologram","Loop+1","Seek","Compile Driver","Ghostly+1","Ghostly+1","Ghostly+1","Reprogram+1","Static Discharge+1","Coolheaded","Creative AI+1","Genetic Algorithm+1","Skim+1","Electrodynamics+1","Undo+1","Hologram+1","Decay","Thunder Strike+1","Defragment+1","Go for the Eyes"],"relics":["Cracked Core","Blood Vial","Frozen Egg 2","Odd Mushroom","Dodecahedron","Bag of Preparation","Cursed Key","Ginger","Smiling Mask","Bronze Scales","Toxic Egg 2","Snecko Eye","Du-Vu Doll","Membership Card","Red Mask","Orichalcum","Bird Faced Urn","Vajra","Centennial Puzzle"],"potions_floor_usage":[12,33,55],"damage_taken":[{"damage":10,"enemies":"Small Slimes","floor":1,"turns":5},{"damage":1,"enemies":"Cultist","floor":2,"turns":4},{"damage":7,"enemies":"Jaw Worm","floor":5,"turns":3},{"damage":6,"enemies":"The Mushroom Lair","floor":7,"turns":3},{"damage":17,"enemies":"Gremlin Nob","floor":12,"turns":5},{"damage":1,"enemies":"2 Fungi Beasts","floor":13,"turns":2},{"damage":0,"enemies":"Gremlin Gang","floor":14,"turns":1},{"damage":9,"enemies":"Slime Boss","floor":16,"turns":7},{"damage":7,"enemies":"3 Byrds","floor":18,"turns":6},{"damage":0,"enemies":"Shell Parasite","floor":21,"turns":4},{"damage":0,"enemies":"Snake Plant","floor":22,"turns":4},{"damage":3,"enemies":"Slavers","floor":24,"turns":6},{"damage":0,"enemies":"Gremlin Leader","floor":27,"turns":6},{"damage":5,"enemies":"Centurion and Healer","floor":29,"turns":8},{"damage":3,"enemies":"Slavers","floor":30,"turns":4},{"damage":0,"enemies":"3 Cultists","floor":31,"turns":3},{"damage":0,"enemies":"Automaton","floor":33,"turns":10},{"damage":0,"enemies":"3 Shapes","floor":35,"turns":2},{"damage":0,"enemies":"Mind Bloom Boss Battle","floor":36,"turns":5},{"damage":0,"enemies":"3 Darklings","floor":38,"turns":3},{"damage":0,"enemies":"Reptomancer","floor":40,"turns":5},{"damage":0,"enemies":"Nemesis","floor":42,"turns":7},{"damage":91,"enemies":"Giant Head","floor":44,"turns":13},{"damage":20,"enemies":"Spire Growth","floor":46,"turns":6},{"damage":0,"enemies":"Sphere and 2 Shapes","floor":48,"turns":3},{"damage":11,"enemies":"Time Eater","floor":50,"turns":33},{"damage":30,"enemies":"Donu and Deca","floor":51,"turns":8},{"damage":81,"enemies":"Shield and Spear","floor":55,"turns":9}],"seed_played":"8904765823993394844","potions_obtained":[{"floor":1,"key":"Block Potion"},{"floor":4,"key":"Ancient Potion"},{"floor":7,"key":"EssenceOfSteel"},{"floor":12,"key":"Strength Potion"},{"floor":22,"key":"Fire Potion"},{"floor":33,"key":"FairyPotion"},{"floor":48,"key":"FocusPotion"}],"is_trial":false,"path_per_floor":["M","M","?","?","M","R","?","$","T","?","R","E","M","M","R","B",null,"M","?","?","M","M","R","E","R","T","E","$","M","E","M","R","B",null,"M","?","$","M","?","E","?","E","T","E","$","M","?","M","R","B","B",null,"R","$","E"],"character_chosen":"DEFECT","items_purchased":["Self Repair+1","Bronze Scales","Membership Card","Hologram+1","Centennial Puzzle","Block Potion"],"campfire_rested":0,"item_purchase_floors":[8,28,37,37,45,54],"current_hp_per_floor":[56,57,52,52,47,47,43,43,43,43,43,38,39,41,41,44,64,69,35,35,35,35,35,35,35,35,35,35,35,35,35,35,35,35,35,35,35,35,35,35,35,35,35,15,15,29,29,35,35,35,23,32,32,32,0],"gold":5,"neow_bonus":"RANDOM_COMMON_RELIC","is_prod":false,"is_daily":false,"chose_seed":false,"campfire_upgraded":7,"win_rate":0,"timestamp":1554156284,"path_taken":["M","M","?","?","?","R","?","$","T","?","R","E","?","M","R","BOSS","M","?","?","M","M","R","E","R","T","E","$","?","E","M","R","BOSS","M","?","$","M","?","E","?","E","T","E","$","?","?","M","R","BOSS","BOSS","R","$","E"],"build_version":"2019-03-15","purchased_purges":3,"victory":false,"max_hp_per_floor":[71,71,71,71,71,71,71,71,71,71,71,71,71,71,71,71,71,71,35,35,35,35,35,35,35,35,35,35,35,35,35,35,35,35,35,35,35,35,35,35,35,35,35,35,35,35,35,35,35,35,35,35,35,35,35],"card_choices":[{"not_picked":["Chill","Cold Snap"],"picked":"Doom and Gloom","floor":1},{"not_picked":["Turbo","Rebound"],"picked":"Sweeping Beam","floor":2},{"not_picked":["Hyperbeam","Gash"],"picked":"Glacier","floor":5},{"not_picked":["Fusion","Rebound"],"picked":"Rainbow","floor":12},{"not_picked":["Redo","Rebound"],"picked":"Hologram","floor":13},{"not_picked":["Streamline","Go for the Eyes"],"picked":"Loop+1","floor":14},{"not_picked":["Hyperbeam","Machine Learning+1"],"picked":"Seek","floor":16},{"not_picked":["Hello World+1","Blizzard"],"picked":"Compile Driver","floor":18},{"not_picked":["Scrape","Hologram"],"picked":"Reprogram+1","floor":21},{"not_picked":["Redo","Loop+1"],"picked":"Static Discharge+1","floor":22},{"not_picked":["Gash","Rebound"],"picked":"Coolheaded","floor":24},{"not_picked":["Coolheaded+1","Auto Shields"],"picked":"Creative AI+1","floor":27},{"not_picked":["Stack","Conserve Battery","Beam Cell"],"picked":"SKIP","floor":29},{"not_picked":["Loop+1","Gash"],"picked":"Genetic Algorithm","floor":30},{"not_picked":["Ball Lightning","Force Field+1"],"picked":"Skim+1","floor":31},{"not_picked":["Rainbow+1","All For One"],"picked":"Electrodynamics+1","floor":33},{"not_picked":["Hologram+1","Melter"],"picked":"Undo+1","floor":35},{"not_picked":["Cold Snap+1","Compile Driver","Ball Lightning"],"picked":"SKIP","floor":38},{"not_picked":["Redo+1","Turbo+1","Undo+1"],"picked":"SKIP","floor":40},{"not_picked":["Leap+1","Heatsinks+1","Streamline"],"picked":"SKIP","floor":42},{"not_picked":["Reinforced Body+1","Steam Power+1"],"picked":"Thunder Strike","floor":44},{"not_picked":["Recycle+1","Steam+1"],"picked":"Defragment+1","floor":46},{"not_picked":["Gash","Reprogram+1","FTL"],"picked":"SKIP","floor":48}],"player_experience":5404462,"relics_obtained":[{"floor":7,"key":"Odd Mushroom"},{"floor":9,"key":"Dodecahedron"},{"floor":12,"key":"Bag of Preparation"},{"floor":24,"key":"Ginger"},{"floor":27,"key":"Smiling Mask"},{"floor":30,"key":"Toxic Egg 2"},{"floor":36,"key":"Du-Vu Doll"},{"floor":40,"key":"Orichalcum"},{"floor":42,"key":"Bird Faced Urn"},{"floor":44,"key":"Vajra"}],"event_choices":[{"damage_healed":0,"gold_gain":0,"player_choice":"Success","damage_taken":5,"relics_obtained":["Frozen Egg 2"],"max_hp_gain":0,"max_hp_loss":0,"event_name":"Scrap Ooze","floor":3,"gold_loss":0},{"damage_healed":0,"gold_gain":0,"player_choice":"Bought 1 Potion","damage_taken":0,"max_hp_gain":0,"max_hp_loss":0,"event_name":"The Woman in Blue","floor":4,"gold_loss":0},{"damage_healed":0,"gold_gain":0,"player_choice":"Fought Mushrooms","damage_taken":0,"max_hp_gain":0,"max_hp_loss":0,"event_name":"Mushrooms","floor":7,"gold_loss":0},{"cards_removed":["Strike_B"],"damage_healed":0,"gold_gain":0,"player_choice":"Offered Basic","damage_taken":0,"max_hp_gain":0,"max_hp_loss":0,"event_name":"Bonfire Elementals","floor":10,"gold_loss":0},{"damage_healed":0,"gold_gain":0,"player_choice":"Became a Ghost","damage_taken":0,"max_hp_gain":0,"max_hp_loss":36,"event_name":"Ghosts","floor":19,"gold_loss":0,"cards_obtained":["Ghostly","Ghostly","Ghostly"]},{"cards_removed":["Strike_B"],"damage_healed":0,"gold_gain":0,"player_choice":"Card Removal","damage_taken":0,"max_hp_gain":0,"max_hp_loss":0,"event_name":"Wheel of Change","floor":20,"gold_loss":0},{"damage_healed":0,"gold_gain":0,"player_choice":"Fight","damage_taken":0,"max_hp_gain":0,"max_hp_loss":0,"event_name":"MindBloom","floor":36,"gold_loss":0},{"damage_healed":0,"gold_gain":0,"player_choice":"Paid","damage_taken":0,"relics_obtained":["Red Mask"],"max_hp_gain":0,"max_hp_loss":0,"event_name":"Tomb of Lord Red Mask","floor":39,"gold_loss":33},{"damage_healed":0,"gold_gain":0,"player_choice":"Got Potions","damage_taken":0,"max_hp_gain":0,"max_hp_loss":0,"event_name":"Lab","floor":41,"gold_loss":0},{"damage_healed":0,"gold_gain":0,"cards_transformed":["Defend_B"],"player_choice":"Transformed","damage_taken":0,"max_hp_gain":0,"max_hp_loss":0,"event_name":"Transmorgrifier","floor":47,"gold_loss":0,"cards_obtained":["Go for the Eyes"]}],"is_beta":true,"boss_relics":[{"not_picked":["Eternal Feather","Sozu"],"picked":"Cursed Key"},{"not_picked":["FrozenCore","Inserter"],"picked":"Snecko Eye"}],"items_purged_floors":[8,28,37],"is_endless":false,"potions_floor_spawned":[1,7,12,14,21,22,24,31,33,38,42,48],"killed_by":"Shield and Spear","ascension_level":20}