{"gold_per_floor":[119,119,119,36,48,48,79,79,79,90,118,118,135,153,153,227,227,246,256,256,256,256,283,283,313,336,336,16,16,41,18,18,92,92,107,123,123,223,242,242,268,283,283,318,318,338,352,381,381,381,381,381,381,31,65,65],"floor_reached":57,"playtime":5478,"items_purged":["Strike_G+1","Strike_G+1"],"score":2862,"play_id":"ae96e94f-6846-40fa-af2f-7e4d630198bf","local_time":"20190407152244","is_ascension_mode":true,"campfire_choices":[{"data":"Crippling Poison","floor":6,"key":"SMITH"},{"floor":8,"key":"REST"},{"data":"Corpse Explosion","floor":12,"key":"SMITH"},{"data":"Poisoned Stab","floor":15,"key":"SMITH"},{"floor":24,"key":"REST"},{"data":"Crippling Poison","floor":27,"key":"SMITH"},{"data":"Footwork","floor":29,"key":"SMITH"},{"data":"Footwork","floor":32,"key":"SMITH"},{"data":"Wraith Form v2","floor":40,"key":"SMITH"},{"floor":49,"key":"RECALL"},{"data":"Burst","floor":53,"key":"SMITH"}],"neow_cost":"NONE","seed_source_timestamp":241053308996002,"circlet_count":0,"master_deck":["AscendersBane","Defend_G+1","Defend_G+1","Defend_G+1","Defend_G+1","Defend_G+1","Strike_G+1","Survivor","Neutralize+1","Crippling Poison+1","Footwork+1","Poisoned Stab+1","Corpse Explosion+1","Deflect","Backstab+1","Quick Slash+1","PiercingWail","Deflect","Crippling Poison+1","RitualDagger+1","PiercingWail","Burst+1","Footwork+1","Flying Knee+1","Dodge and Roll","Wraith Form v2+1","Prepared+1","PanicButton","Dark Shackles","PiercingWail","Blur+1","Leg Sweep","Corpse Explosion"],"relics":["Ring of the Snake","The Courier","Molten Egg 2","Vajra","Runic Pyramid","Nilry\u0027s Codex","Potion Belt","Bird Faced Urn","Bronze Scales","Orichalcum","Velvet Choker","Tingsha","Meat on the Bone","Gremlin Horn","StoneCalendar","Torii","Oddly Smooth Stone","Art of War"],"potions_floor_usage":[16,25,56,56,56,56,56,56,56],"damage_taken":[{"damage":1,"enemies":"Jaw Worm","floor":1,"turns":5},{"damage":0,"enemies":"2 Louse","floor":5,"turns":3},{"damage":39,"enemies":"Gremlin Nob","floor":7,"turns":5},{"damage":0,"enemies":"Cultist","floor":10,"turns":3},{"damage":8,"enemies":"Lagavulin","floor":11,"turns":8},{"damage":4,"enemies":"Exordium Wildlife","floor":13,"turns":3},{"damage":0,"enemies":"Looter","floor":14,"turns":2},{"damage":7,"enemies":"Hexaghost","floor":16,"turns":8},{"damage":0,"enemies":"3 Byrds","floor":18,"turns":4},{"damage":0,"enemies":"Spheric Guardian","floor":19,"turns":6},{"damage":3,"enemies":"Gremlin Leader","floor":23,"turns":6},{"damage":18,"enemies":"Slavers","floor":25,"turns":4},{"damage":12,"enemies":"Gremlin Leader","floor":30,"turns":7},{"damage":17,"enemies":"Automaton","floor":33,"turns":11},{"damage":0,"enemies":"3 Shapes","floor":35,"turns":7},{"damage":0,"enemies":"3 Darklings","floor":36,"turns":5},{"damage":0,"enemies":"Mind Bloom Boss Battle","floor":38,"turns":8},{"damage":0,"enemies":"Sphere and 2 Shapes","floor":39,"turns":5},{"damage":6,"enemies":"Reptomancer","floor":41,"turns":8},{"damage":9,"enemies":"Spire Growth","floor":42,"turns":7},{"damage":0,"enemies":"Giant Head","floor":44,"turns":11},{"damage":0,"enemies":"Writhing Mass","floor":46,"turns":7},{"damage":0,"enemies":"Maw","floor":47,"turns":8},{"damage":0,"enemies":"Reptomancer","floor":48,"turns":6},{"damage":8,"enemies":"Awakened One","floor":50,"turns":31},{"damage":25,"enemies":"Donu and Deca","floor":51,"turns":14},{"damage":26,"enemies":"Shield and Spear","floor":55,"turns":7},{"damage":7,"enemies":"The Heart","floor":56,"turns":8}],"seed_played":"8124604452436197659","potions_obtained":[{"floor":7,"key":"SkillPotion"},{"floor":10,"key":"FearPotion"},{"floor":13,"key":"LiquidBronze"},{"floor":16,"key":"EssenceOfSteel"},{"floor":18,"key":"Ancient Potion"},{"floor":33,"key":"SkillPotion"},{"floor":35,"key":"EntropicBrew"},{"floor":46,"key":"LiquidBronze"}],"is_trial":false,"path_per_floor":["M","?","?","$","M","R","E","R","T","M","E","R","M","M","R","B",null,"M","M","?","?","?","E","R","E","T","R","$","R","E","$","R","B",null,"M","M","?","?","M","R","E","M","T","E","?","M","M","E","R","B","B",null,"R","$","E","B",null],"character_chosen":"THE_SILENT","items_purchased":["Footwork","Bronze Scales","Footwork","GamblersBrew","Dodge and Roll","Oddly Smooth Stone","Leg Sweep","Corpse Explosion"],"campfire_rested":2,"item_purchase_floors":[4,28,28,28,31,54,54,54],"current_hp_per_floor":[58,51,51,51,51,51,12,31,31,31,23,23,19,19,19,12,53,53,53,53,32,26,23,42,24,24,24,24,24,20,20,20,9,52,58,66,56,62,66,66,66,63,63,66,66,66,66,66,66,66,59,64,64,64,44,49],"gold":65,"neow_bonus":"UPGRADE_CARD","is_prod":false,"is_daily":false,"chose_seed":false,"campfire_upgraded":8,"win_rate":0,"timestamp":1554675764,"path_taken":["M","?","?","$","?","R","E","R","T","M","E","R","M","M","R","BOSS","M","M","?","?","?","E","R","E","T","R","?","R","E","$","R","BOSS","M","M","?","?","M","R","E","M","T","E","?","M","M","E","R","BOSS","BOSS","R","$","E","BOSS"],"build_version":"2019-04-04","purchased_purges":2,"victory":true,"max_hp_per_floor":[66,66,66,66,66,66,66,66,66,66,66,66,66,66,66,66,66,66,66,66,66,66,66,66,66,66,66,66,66,66,66,66,66,66,66,66,66,66,66,66,66,66,66,66,66,66,66,66,66,66,66,66,66,66,66,66],"card_choices":[{"not_picked":["Prepared","Dagger Throw"],"picked":"Crippling Poison","floor":1},{"not_picked":["Slice","Outmaneuver"],"picked":"Poisoned Stab","floor":5},{"not_picked":["Wraith Form v2","Calculated Gamble"],"picked":"Corpse Explosion","floor":7},{"not_picked":["Prepared","Outmaneuver"],"picked":"Deflect","floor":10},{"not_picked":["Leg Sweep","Terror"],"picked":"Backstab+1","floor":11},{"not_picked":["Acrobatics","Bouncing Flask"],"picked":"Quick Slash+1","floor":13},{"not_picked":["Dodge and Roll","Slice+1"],"picked":"PiercingWail","floor":14},{"not_picked":["Dagger Throw+1","Dagger Spray+1"],"picked":"Deflect","floor":18},{"not_picked":["Cloak And Dagger","Underhanded Strike+1"],"picked":"Crippling Poison","floor":19},{"not_picked":["Skewer+1","Underhanded Strike+1"],"picked":"PiercingWail","floor":23},{"not_picked":["Quick Slash+1","Prepared"],"picked":"Burst","floor":25},{"not_picked":["Tactician","Bouncing Flask"],"picked":"Flying Knee+1","floor":30},{"not_picked":["Grand Finale+1","Unload+1"],"picked":"Wraith Form v2","floor":33},{"not_picked":["Masterful Stab+1","Eviscerate+1"],"picked":"Prepared+1","floor":35},{"not_picked":["Cloak And Dagger","Deadly Poison","Reflex"],"picked":"SKIP","floor":36},{"not_picked":["Cloak And Dagger","Deadly Poison","Reflex"],"picked":"SKIP","floor":36},{"not_picked":["Thinking Ahead","Deep Breath"],"picked":"PanicButton","floor":37},{"not_picked":["Violence","Metamorphosis"],"picked":"Dark Shackles","floor":37},{"not_picked":["Blade Dance","Poisoned Stab+1","Well Laid Plans+1"],"picked":"SKIP","floor":39},{"not_picked":["Phantasmal Killer","Masterful Stab+1"],"picked":"PiercingWail","floor":41},{"not_picked":["Blade Dance","Reflex","Accuracy"],"picked":"SKIP","floor":42},{"not_picked":["Heel Hook+1","Bane+1","Prepared"],"picked":"SKIP","floor":44},{"not_picked":["Endless Agony+1","Skewer+1","Deflect"],"picked":"SKIP","floor":46},{"not_picked":["Quick Slash+1","Acrobatics"],"picked":"Blur+1","floor":47},{"not_picked":["Poisoned Stab+1","Endless Agony+1","Deflect"],"picked":"SKIP","floor":48},{"not_picked":["Slice+1","Riddle With Holes+1","Sucker Punch+1"],"picked":"SKIP","floor":55}],"player_experience":5477499,"relics_obtained":[{"floor":7,"key":"The Courier"},{"floor":9,"key":"Molten Egg 2"},{"floor":11,"key":"Vajra"},{"floor":21,"key":"Nilry\u0027s Codex"},{"floor":23,"key":"Potion Belt"},{"floor":25,"key":"Bird Faced Urn"},{"floor":30,"key":"Orichalcum"},{"floor":38,"key":"Tingsha"},{"floor":41,"key":"Meat on the Bone"},{"floor":43,"key":"Gremlin Horn"},{"floor":44,"key":"StoneCalendar"},{"floor":48,"key":"Torii"},{"floor":55,"key":"Art of War"}],"event_choices":[{"cards_removed":["Strike_G"],"damage_healed":0,"gold_gain":0,"player_choice":"Card Removal","damage_taken":7,"max_hp_gain":0,"max_hp_loss":0,"event_name":"Golden Wing","floor":2,"gold_loss":0},{"cards_removed":["Strike_G"],"damage_healed":0,"gold_gain":0,"player_choice":"Purged","damage_taken":0,"max_hp_gain":0,"max_hp_loss":0,"event_name":"Purifier","floor":3,"gold_loss":0},{"damage_healed":0,"gold_gain":0,"player_choice":"Simplicity","damage_taken":0,"max_hp_gain":0,"max_hp_loss":0,"event_name":"Back to Basics","floor":20,"gold_loss":0,"cards_upgraded":["Defend_G","Defend_G","Defend_G","Defend_G","Defend_G","Strike_G","Strike_G","Strike_G"]},{"damage_healed":0,"gold_gain":0,"player_choice":"Obtained Book","damage_taken":21,"max_hp_gain":0,"max_hp_loss":0,"event_name":"Cursed Tome","floor":21,"gold_loss":0},{"damage_healed":0,"gold_gain":0,"player_choice":"Joined the Cult","damage_taken":6,"max_hp_gain":0,"max_hp_loss":0,"event_name":"Nest","floor":22,"gold_loss":0,"cards_obtained":["RitualDagger"]},{"damage_healed":0,"gold_gain":0,"player_choice":"Memory 3","damage_taken":10,"max_hp_gain":0,"max_hp_loss":0,"event_name":"SensoryStone","floor":37,"gold_loss":0},{"damage_healed":0,"gold_gain":0,"player_choice":"Fight","damage_taken":0,"max_hp_gain":0,"max_hp_loss":0,"event_name":"MindBloom","floor":38,"gold_loss":0},{"damage_healed":0,"gold_gain":0,"player_choice":"Ignored","damage_taken":0,"max_hp_gain":0,"max_hp_loss":0,"event_name":"Tomb of Lord Red Mask","floor":45,"gold_loss":0}],"is_beta":true,"boss_relics":[{"not_picked":["Calling Bell","Busted Crown"],"picked":"Runic Pyramid"},{"not_picked":["Lizard Tail","WristBlade"],"picked":"Velvet Choker"}],"items_purged_floors":[28,54],"is_endless":false,"potions_floor_spawned":[7,10,13,16,18,33,35,41,46,48],"ascension_level":20}