{"gold_per_floor":[367,5,5,17,17,17,45,59,110,124,124,142,168,200,212,295,307,338,361,16,36,36,36,67,67,67,93,107,119,150,162,162,236,236,248,348,348,348,367,395,103,103,103,103,114,149,202,216,216,216,216,216,216,29,61,61],"floor_reached":57,"playtime":6029,"items_purged":["Decay","Strike_R","Strike_R"],"score":2889,"play_id":"8d73b4e7-f8e8-4021-8ca4-dca482220d34","local_time":"20190405143331","is_ascension_mode":true,"campfire_choices":[{"data":"Carnage","floor":6,"key":"SMITH"},{"floor":15,"key":"REST"},{"data":"Offering","floor":23,"key":"SMITH"},{"data":"Apotheosis","floor":25,"key":"SMITH"},{"data":"Battle Trance","floor":32,"key":"SMITH"},{"floor":42,"key":"RECALL"},{"data":"Disarm","floor":49,"key":"SMITH"},{"data":"Burning Pact","floor":53,"key":"SMITH"}],"neow_cost":"CURSE","seed_source_timestamp":64748836360950,"circlet_count":0,"master_deck":["AscendersBane","Strike_R","Strike_R","Strike_R","Defend_R","Defend_R","Defend_R","Defend_R","Bash+1","Pummel","Inflame","Reaper","Shrug It Off","Headbutt","Disarm","Sword Boomerang+1","Battle Trance+1","Clothesline+1","Offering+1","Havoc+1","Shrug It Off","Apotheosis+1","Inflame","Shrug It Off+1","Battle Trance","Pommel Strike+1","Burning Pact+1","Spot Weakness","Exhume","Disarm+1","Barricade","Feel No Pain","Sentinel","Body Slam+1","Feed+1","Entrench","Entrench","Headbutt+1","Warcry","Body Slam+1"],"relics":["Burning Blood","Red Skull","Regal Pillow","Molten Egg 2","MawBank","Sozu","Ornamental Fan","Incense Burner","Matryoshka","Pantograph","Runic Pyramid","StoneCalendar","Lantern","Frozen Egg 2","Vajra","Thread and Needle","FossilizedHelix"],"potions_floor_usage":[7,16,56],"damage_taken":[{"damage":12,"enemies":"2 Louse","floor":1,"turns":3},{"damage":7,"enemies":"Jaw Worm","floor":4,"turns":2},{"damage":20,"enemies":"Lagavulin","floor":7,"turns":3},{"damage":1,"enemies":"Cultist","floor":8,"turns":3},{"damage":34,"enemies":"Gremlin Gang","floor":10,"turns":4},{"damage":28,"enemies":"Exordium Thugs","floor":12,"turns":4},{"damage":31,"enemies":"Gremlin Nob","floor":13,"turns":4},{"damage":3,"enemies":"Looter","floor":14,"turns":2},{"damage":0,"enemies":"Slime Boss","floor":16,"turns":6},{"damage":11,"enemies":"Shell Parasite","floor":18,"turns":2},{"damage":11,"enemies":"Chosen","floor":19,"turns":5},{"damage":24,"enemies":"Snake Plant","floor":21,"turns":4},{"damage":33,"enemies":"Gremlin Leader","floor":24,"turns":5},{"damage":27,"enemies":"Book of Stabbing","floor":27,"turns":5},{"damage":6,"enemies":"Cultist and Chosen","floor":28,"turns":3},{"damage":10,"enemies":"Snecko","floor":29,"turns":5},{"damage":16,"enemies":"Slavers","floor":30,"turns":4},{"damage":6,"enemies":"Centurion and Healer","floor":31,"turns":5},{"damage":61,"enemies":"Automaton","floor":33,"turns":9},{"damage":26,"enemies":"3 Darklings","floor":35,"turns":9},{"damage":1,"enemies":"Mind Bloom Boss Battle","floor":36,"turns":6},{"damage":16,"enemies":"3 Shapes","floor":39,"turns":7},{"damage":98,"enemies":"Reptomancer","floor":40,"turns":9},{"damage":19,"enemies":"Transient","floor":45,"turns":6},{"damage":15,"enemies":"Giant Head","floor":46,"turns":5},{"damage":50,"enemies":"2 Orb Walkers","floor":47,"turns":4},{"damage":2,"enemies":"Jaw Worm Horde","floor":48,"turns":5},{"damage":35,"enemies":"Donu and Deca","floor":50,"turns":17},{"damage":7,"enemies":"Time Eater","floor":51,"turns":13},{"damage":58,"enemies":"Shield and Spear","floor":55,"turns":30},{"damage":75,"enemies":"The Heart","floor":56,"turns":12}],"seed_played":"-5423662973767627209","potions_obtained":[{"floor":4,"key":"PowerPotion"},{"floor":14,"key":"Energy Potion"},{"floor":16,"key":"Dexterity Potion"}],"is_trial":false,"path_per_floor":["M","$","?","M","?","R","E","M","T","M","T","M","E","M","R","B",null,"M","M","$","M","?","R","E","R","T","E","M","M","E","M","R","B",null,"M","?","?","?","M","E","$","R","T","?","M","E","?","M","R","B","B",null,"R","$","E","B",null],"character_chosen":"IRONCLAD","items_purchased":["Inflame","Reaper","Carnage","Apotheosis","Inflame","Feel No Pain","Sentinel","Entrench","Headbutt+1","Warcry"],"campfire_rested":1,"item_purchase_floors":[2,2,2,20,20,41,41,54,54,54],"current_hp_per_floor":[62,62,62,61,61,61,47,56,56,46,46,40,15,25,62,68,73,68,67,67,56,56,56,48,48,48,43,43,49,39,61,61,36,65,75,75,75,75,75,75,75,75,75,71,71,71,41,78,78,75,95,95,95,95,100,53],"gold":61,"neow_bonus":"TWO_FIFTY_GOLD","is_prod":false,"is_daily":false,"chose_seed":false,"campfire_upgraded":6,"win_rate":0,"timestamp":1554500011,"path_taken":["M","$","?","M","?","R","E","?","T","?","?","M","E","M","R","BOSS","M","M","$","M","?","R","E","R","T","E","M","M","E","M","R","BOSS","M","?","?","?","M","E","$","R","T","?","M","E","?","M","R","BOSS","BOSS","R","$","E","BOSS"],"build_version":"2019-04-04","purchased_purges":3,"victory":true,"max_hp_per_floor":[75,75,75,75,75,75,75,75,75,75,75,75,75,75,75,75,75,75,75,75,75,75,75,75,75,75,75,75,75,75,75,75,75,75,75,75,75,75,75,75,75,75,75,71,71,71,75,83,83,91,95,95,95,95,103,107],"card_choices":[{"not_picked":["Warcry","Dual Wield"],"picked":"Pummel","floor":1},{"not_picked":["Havoc","Sentinel"],"picked":"Shrug It Off","floor":4},{"not_picked":["Sentinel","Havoc"],"picked":"Headbutt","floor":7},{"not_picked":["Bloodletting","Perfected Strike","Body Slam"],"picked":"SKIP","floor":8},{"not_picked":["Feel No Pain","Reckless Charge"],"picked":"Disarm","floor":10},{"not_picked":["Anger+1","Perfected Strike+1"],"picked":"Sword Boomerang+1","floor":12},{"not_picked":["Double Tap","Brutality"],"picked":"Battle Trance","floor":13},{"not_picked":["Rage","Anger+1"],"picked":"Clothesline+1","floor":14},{"not_picked":["Barricade","Demon Form"],"picked":"Offering","floor":16},{"not_picked":["Clash+1","Power Through+1"],"picked":"Havoc+1","floor":18},{"not_picked":["Bloodletting","Burning Pact"],"picked":"Shrug It Off","floor":19},{"not_picked":["Thunderclap+1","Hemokinesis+1"],"picked":"Shrug It Off+1","floor":21},{"not_picked":["Fire Breathing","Pommel Strike+1"],"picked":"Battle Trance","floor":24},{"not_picked":["Sword Boomerang+1","Carnage+1","Pommel Strike+1"],"picked":"SKIP","floor":27},{"not_picked":["Sword Boomerang+1","Carnage+1"],"picked":"Pommel Strike+1","floor":27},{"not_picked":["Warcry","Entrench"],"picked":"Burning Pact","floor":28},{"not_picked":["Sword Boomerang+1","Dual Wield","Havoc"],"picked":"SKIP","floor":29},{"not_picked":["Armaments","Sword Boomerang+1"],"picked":"Spot Weakness","floor":30},{"not_picked":["Clothesline+1","Wild Strike+1","Anger+1"],"picked":"SKIP","floor":31},{"not_picked":["Dark Embrace","Immolate+1"],"picked":"Exhume","floor":33},{"not_picked":["Pommel Strike+1","Corruption"],"picked":"Disarm","floor":35},{"not_picked":["Havoc","Armaments","Iron Wave+1"],"picked":"SKIP","floor":39},{"not_picked":["Flex","Burning Pact"],"picked":"Barricade","floor":40},{"not_picked":["Havoc","Heavy Blade+1"],"picked":"Body Slam+1","floor":45},{"not_picked":["Anger+1","Twin Strike+1"],"picked":"Feed+1","floor":46},{"not_picked":["Cleave+1","Seeing Red"],"picked":"Entrench","floor":48},{"not_picked":["Heavy Blade+1","Clash+1"],"picked":"Body Slam+1","floor":55}],"player_experience":5445933,"relics_obtained":[{"floor":7,"key":"Red Skull"},{"floor":9,"key":"Regal Pillow"},{"floor":11,"key":"Molten Egg 2"},{"floor":13,"key":"MawBank"},{"floor":24,"key":"Ornamental Fan"},{"floor":26,"key":"Incense Burner"},{"floor":27,"key":"Matryoshka"},{"floor":30,"key":"Pantograph"},{"floor":36,"key":"StoneCalendar"},{"floor":40,"key":"Lantern"},{"floor":43,"key":"Frozen Egg 2"},{"floor":46,"key":"Vajra"},{"floor":47,"key":"Thread and Needle"},{"floor":55,"key":"FossilizedHelix"}],"event_choices":[{"damage_healed":0,"gold_gain":0,"player_choice":"Leave","damage_taken":0,"max_hp_gain":0,"max_hp_loss":0,"event_name":"The Cleric","floor":3,"gold_loss":0},{"damage_healed":0,"gold_gain":0,"player_choice":"Upgraded","damage_taken":0,"max_hp_gain":0,"max_hp_loss":0,"event_name":"Upgrade Shrine","floor":5,"gold_loss":0,"cards_upgraded":["Bash"]},{"damage_healed":0,"gold_gain":0,"player_choice":"Ignored","damage_taken":0,"max_hp_gain":0,"max_hp_loss":0,"event_name":"Beggar","floor":22,"gold_loss":0},{"damage_healed":0,"gold_gain":0,"player_choice":"Fight","damage_taken":0,"max_hp_gain":0,"max_hp_loss":0,"event_name":"MindBloom","floor":36,"gold_loss":0},{"damage_healed":0,"gold_gain":0,"player_choice":"Ignored","damage_taken":0,"max_hp_gain":0,"max_hp_loss":0,"event_name":"Tomb of Lord Red Mask","floor":37,"gold_loss":0},{"cards_removed":["Carnage"],"damage_healed":0,"gold_gain":0,"player_choice":"Removed Attack","damage_taken":0,"max_hp_gain":0,"max_hp_loss":0,"event_name":"Falling","floor":38,"gold_loss":0},{"damage_healed":0,"gold_gain":0,"player_choice":"Max HP","damage_taken":0,"max_hp_gain":0,"max_hp_loss":4,"event_name":"Winding Halls","floor":44,"gold_loss":0},{"damage_healed":0,"gold_gain":0,"player_choice":"Fight","damage_taken":0,"max_hp_gain":0,"max_hp_loss":0,"event_name":"Mysterious Sphere","floor":47,"gold_loss":0}],"is_beta":true,"boss_relics":[{"not_picked":["Mark of Pain","Black Star"],"picked":"Sozu"},{"not_picked":["Lizard Tail","Eternal Feather"],"picked":"Runic Pyramid"}],"items_purged_floors":[2,20,41],"is_endless":false,"potions_floor_spawned":[4,14,16,18,19,24,29,36,40,45,47,55],"ascension_level":20}