{"gold_per_floor":[110,125,50,100,113,113,133,165,188,188,218,228,242,267,267,345,345,358,368,418,418,437,471,487,487,487,487,0,0,32,32,32,109,109,125,125,139,191,191,223,239,267,267,320,349,8,25,42,42,42,42,42,42,17,43,43],"floor_reached":57,"playtime":4935,"items_purged":["Strike_B+1"],"score":2825,"play_id":"09acd635-36ef-4221-936b-4c4d67cbbb34","local_time":"20190405161155","is_ascension_mode":true,"campfire_choices":[{"data":"Defragment","floor":6,"key":"SMITH"},{"data":"Zap","floor":10,"key":"SMITH"},{"data":"Sweeping Beam","floor":15,"key":"SMITH"},{"data":"Consume","floor":25,"key":"SMITH"},{"data":"Hologram","floor":29,"key":"SMITH"},{"data":"Hologram","floor":32,"key":"SMITH"},{"floor":49,"key":"RECALL"},{"data":"Defragment","floor":53,"key":"SMITH"}],"neow_cost":"NONE","seed_source_timestamp":71743315943820,"circlet_count":0,"master_deck":["AscendersBane","Strike_B+1","Strike_B+1","Strike_B+1","Defend_B+1","Defend_B+1","Defend_B+1","Defend_B+1","Zap+1","Dualcast","Defragment+1","Reinforced Body","Rip and Tear","Cold Snap","Compile Driver","Sweeping Beam+1","Self Repair","Hologram+1","Hologram+1","Electrodynamics","Sweeping Beam+1","Skim","Consume+1","Melter","Redo+1","Defragment+1","Go for the Eyes+1","Defragment+1","Force Field+1","Glacier","Redo+1","Go for the Eyes"],"relics":["Cracked Core","Omamori","Smiling Mask","Orichalcum","Symbiotic Virus","Velvet Choker","Enchiridion","Darkstone Periapt","Mummified Hand","Pantograph","Regal Pillow","Emotion Chip","Runic Pyramid","Du-Vu Doll","Lantern","Bottled Lightning","Bronze Scales","Bag of Marbles","Incense Burner","Strawberry"],"potions_floor_usage":[8,8,16,23,30,56,56],"damage_taken":[{"damage":2,"enemies":"2 Louse","floor":1,"turns":3},{"damage":1,"enemies":"Cultist","floor":2,"turns":3},{"damage":7,"enemies":"Jaw Worm","floor":5,"turns":3},{"damage":4,"enemies":"Blue Slaver","floor":7,"turns":3},{"damage":0,"enemies":"3 Sentries","floor":8,"turns":2},{"damage":28,"enemies":"Gremlin Nob","floor":11,"turns":4},{"damage":7,"enemies":"Large Slime","floor":12,"turns":5},{"damage":0,"enemies":"2 Fungi Beasts","floor":13,"turns":3},{"damage":9,"enemies":"3 Sentries","floor":14,"turns":7},{"damage":15,"enemies":"Slime Boss","floor":16,"turns":10},{"damage":0,"enemies":"Spheric Guardian","floor":18,"turns":3},{"damage":20,"enemies":"Shell Parasite","floor":19,"turns":6},{"damage":0,"enemies":"3 Cultists","floor":22,"turns":2},{"damage":12,"enemies":"Gremlin Leader","floor":23,"turns":5},{"damage":5,"enemies":"Sentry and Sphere","floor":24,"turns":3},{"damage":29,"enemies":"Book of Stabbing","floor":30,"turns":6},{"damage":24,"enemies":"Champ","floor":33,"turns":9},{"damage":1,"enemies":"3 Shapes","floor":35,"turns":2},{"damage":5,"enemies":"Orb Walker","floor":37,"turns":3},{"damage":18,"enemies":"2 Orb Walkers","floor":38,"turns":3},{"damage":4,"enemies":"Nemesis","floor":40,"turns":5},{"damage":8,"enemies":"Maw","floor":41,"turns":5},{"damage":27,"enemies":"Reptomancer","floor":42,"turns":4},{"damage":30,"enemies":"Nemesis","floor":45,"turns":5},{"damage":0,"enemies":"Sphere and 2 Shapes","floor":47,"turns":4},{"damage":0,"enemies":"Writhing Mass","floor":48,"turns":5},{"damage":14,"enemies":"Donu and Deca","floor":50,"turns":8},{"damage":21,"enemies":"Time Eater","floor":51,"turns":11},{"damage":31,"enemies":"Shield and Spear","floor":55,"turns":12},{"damage":67,"enemies":"The Heart","floor":56,"turns":10}],"seed_played":"-2501661629244077495","potions_obtained":[{"floor":1,"key":"SkillPotion"},{"floor":5,"key":"PowerPotion"},{"floor":11,"key":"Energy Potion"},{"floor":12,"key":"Poison Potion"},{"floor":16,"key":"Swift Potion"},{"floor":22,"key":"Regen Potion"},{"floor":30,"key":"Ancient Potion"},{"floor":40,"key":"EssenceOfSteel"},{"floor":42,"key":"FocusPotion"},{"floor":48,"key":"PowerPotion"}],"is_trial":false,"path_per_floor":["M","M","$","?","M","R","M","E","T","R","E","M","M","E","R","B",null,"M","M","?","?","M","E","M","R","T","?","$","R","E","?","R","B",null,"M","?","M","?","?","E","M","E","T","T","E","$","M","M","R","B","B",null,"R","$","E","B",null],"character_chosen":"DEFECT","items_purchased":["Rip and Tear","Pantograph","Compile Driver","Fruit Juice","Incense Burner","Go for the Eyes"],"campfire_rested":0,"item_purchase_floors":[3,28,28,28,46,54],"current_hp_per_floor":[69,68,68,68,61,61,57,57,57,57,29,22,29,27,27,19,63,70,57,57,36,43,52,47,47,47,47,47,47,30,30,30,38,72,71,71,73,62,62,65,64,44,44,44,21,21,28,42,42,60,69,80,80,80,63,28],"gold":43,"neow_bonus":"TEN_PERCENT_HP_BONUS","is_prod":false,"is_daily":false,"chose_seed":false,"campfire_upgraded":7,"win_rate":0,"timestamp":1554505915,"path_taken":["M","M","$","?","M","R","M","E","T","R","E","M","M","E","R","BOSS","M","?","?","?","M","E","M","R","T","?","$","R","E","?","R","BOSS","M","?","?","?","?","E","M","E","T","?","E","?","M","M","R","BOSS","BOSS","R","$","E","BOSS"],"build_version":"2019-04-04","purchased_purges":1,"victory":true,"max_hp_per_floor":[78,78,78,78,78,78,78,78,78,78,78,78,78,78,78,78,78,78,78,78,78,78,78,78,78,78,78,78,78,83,83,83,83,83,83,83,83,83,83,83,83,83,83,83,83,83,83,83,83,83,83,83,83,83,90,90],"card_choices":[{"not_picked":["Hologram","Static Discharge"],"picked":"Defragment","floor":1},{"not_picked":["White Noise","Scrape"],"picked":"Reinforced Body","floor":2},{"not_picked":["Streamline","Steam"],"picked":"Cold Snap","floor":5},{"not_picked":["Cold Snap","Gash"],"picked":"Compile Driver","floor":7},{"not_picked":["Melter","Chaos"],"picked":"Sweeping Beam","floor":8},{"not_picked":["Blizzard","Go for the Eyes","Auto Shields"],"picked":"SKIP","floor":11},{"not_picked":["Cold Snap","Rebound"],"picked":"Self Repair","floor":12},{"not_picked":["Barrage","Turbo"],"picked":"Hologram","floor":13},{"not_picked":["Meteor Strike","Streamline"],"picked":"Hologram","floor":14},{"not_picked":["Thunder Strike","Machine Learning"],"picked":"Electrodynamics","floor":16},{"not_picked":["Recycle","Conserve Battery"],"picked":"Sweeping Beam+1","floor":18},{"not_picked":["Leap","Cold Snap+1"],"picked":"Skim","floor":19},{"not_picked":["Go for the Eyes","Redo","Beam Cell"],"picked":"SKIP","floor":22},{"not_picked":["Steam Power","Turbo"],"picked":"Consume","floor":23},{"not_picked":["Aggregate","Rebound","Barrage"],"picked":"SKIP","floor":24},{"not_picked":["Sunder","Fusion"],"picked":"Melter","floor":30},{"not_picked":["Turbo+1","Auto Shields+1"],"picked":"Redo+1","floor":35},{"not_picked":["Steam","Auto Shields+1"],"picked":"Go for the Eyes+1","floor":38},{"not_picked":["Skim","Lockon"],"picked":"Defragment","floor":40},{"not_picked":["Scrape","Ball Lightning+1","Rebound"],"picked":"SKIP","floor":41},{"not_picked":["Leap","Skim"],"picked":"Force Field+1","floor":42},{"not_picked":["Go for the Eyes+1","Stack"],"picked":"Glacier","floor":45},{"not_picked":["Ball Lightning","Force Field","Self Repair"],"picked":"SKIP","floor":47},{"not_picked":["Scrape+1","Doom and Gloom"],"picked":"Redo+1","floor":48},{"not_picked":["Electrodynamics","Leap","Sweeping Beam"],"picked":"SKIP","floor":55}],"player_experience":5452756,"relics_obtained":[{"floor":8,"key":"Omamori"},{"floor":9,"key":"Smiling Mask"},{"floor":11,"key":"Orichalcum"},{"floor":14,"key":"Symbiotic Virus"},{"floor":21,"key":"Enchiridion"},{"floor":23,"key":"Darkstone Periapt"},{"floor":26,"key":"Mummified Hand"},{"floor":30,"key":"Regal Pillow"},{"floor":38,"key":"Du-Vu Doll"},{"floor":40,"key":"Lantern"},{"floor":42,"key":"Bottled Lightning"},{"floor":44,"key":"Bronze Scales"},{"floor":45,"key":"Bag of Marbles"},{"floor":55,"key":"Strawberry"}],"event_choices":[{"damage_healed":0,"gold_gain":50,"player_choice":"Pray","damage_taken":0,"max_hp_gain":0,"max_hp_loss":0,"event_name":"Golden Shrine","floor":4,"gold_loss":0},{"damage_healed":0,"gold_gain":50,"player_choice":"Stole From Cult","damage_taken":0,"max_hp_gain":0,"max_hp_loss":0,"event_name":"Nest","floor":20,"gold_loss":0},{"damage_healed":0,"gold_gain":0,"player_choice":"Obtained Book","damage_taken":21,"max_hp_gain":0,"max_hp_loss":0,"event_name":"Cursed Tome","floor":21,"gold_loss":0},{"damage_healed":0,"gold_gain":0,"player_choice":"Simplicity","damage_taken":0,"max_hp_gain":0,"max_hp_loss":0,"event_name":"Back to Basics","floor":27,"gold_loss":0,"cards_upgraded":["Strike_B","Strike_B","Strike_B","Strike_B","Defend_B","Defend_B","Defend_B","Defend_B"]},{"damage_healed":0,"gold_gain":0,"player_choice":"Opened","damage_taken":0,"relics_obtained":["Emotion Chip"],"max_hp_gain":0,"max_hp_loss":0,"event_name":"The Mausoleum","floor":31,"gold_loss":0,"cards_obtained":["Writhe"]},{"damage_healed":0,"gold_gain":0,"player_choice":"Copied","damage_taken":0,"max_hp_gain":0,"max_hp_loss":0,"event_name":"Duplicator","floor":36,"gold_loss":0,"cards_obtained":["Defragment"]},{"damage_healed":0,"gold_gain":0,"player_choice":"Fight","damage_taken":0,"max_hp_gain":0,"max_hp_loss":0,"event_name":"Mysterious Sphere","floor":38,"gold_loss":0},{"cards_removed":["Compile Driver"],"damage_healed":0,"gold_gain":0,"player_choice":"Removed Attack","damage_taken":0,"max_hp_gain":0,"max_hp_loss":0,"event_name":"Falling","floor":39,"gold_loss":0}],"is_beta":true,"boss_relics":[{"not_picked":["Black Star","FrozenCore"],"picked":"Velvet Choker"},{"not_picked":["Eternal Feather","Empty Cage"],"picked":"Runic Pyramid"}],"items_purged_floors":[28],"is_endless":false,"potions_floor_spawned":[1,5,11,12,16,18,22,30,40,41,42,45,48,55],"ascension_level":20}