{"gold_per_floor":[17,17,28,28,41,68,85,85,164,9,27,27,38,38,38,117,117,128,0,15,15,25,25,44,75,156,173,173,173,202,214,214,285,285,297,297,314,5,19,53,64,64,64,64,98,98,132,76,76,76],"floor_reached":50,"playtime":3749,"items_purged":["Storm of Steel","Strike_G"],"score":1319,"play_id":"5153cb73-7568-4b7d-a2d0-60c29fc446d2","local_time":"20190404150600","is_ascension_mode":true,"campfire_choices":[{"floor":8,"key":"REST"},{"data":"Skewer","floor":12,"key":"SMITH"},{"data":"Neutralize","floor":15,"key":"SMITH"},{"data":"Wraith Form v2","floor":23,"key":"SMITH"},{"data":"Glass Knife","floor":28,"key":"SMITH"},{"data":"A Thousand Cuts","floor":32,"key":"SMITH"},{"data":"Footwork","floor":44,"key":"SMITH"},{"data":"1","floor":46,"key":"LIFT"},{"floor":49,"key":"RECALL"}],"neow_cost":"NO_GOLD","seed_source_timestamp":52157318224440,"circlet_count":0,"master_deck":["AscendersBane","Defend_G","Defend_G","Defend_G","Defend_G","Defend_G","Survivor","Neutralize+1","Wraith Form v2+1","Quick Slash","Quick Slash","Skewer+1","Dagger Spray","Calculated Gamble","Glass Knife+1","Concentrate+1","Corpse Explosion+1","Glass Knife+1","Backflip","Backflip","Leg Sweep","PiercingWail","Deflect+1","A Thousand Cuts+1","Escape Plan","Backflip+1","Footwork+1","PiercingWail+1","Leg Sweep","Backflip"],"relics":["Ring of the Snake","FossilizedHelix","Lantern","Mercury Hourglass","Astrolabe","Boot","Pantograph","Dodecahedron","Coffee Dripper","Lee\u0027s Waffle","Girya","Darkstone Periapt","Frozen Egg 2"],"potions_floor_usage":[6,16,45,45,50,50],"damage_taken":[{"damage":0,"enemies":"2 Louse","floor":1,"turns":2},{"damage":0,"enemies":"Cultist","floor":3,"turns":5},{"damage":0,"enemies":"Jaw Worm","floor":5,"turns":5},{"damage":32,"enemies":"3 Sentries","floor":6,"turns":11},{"damage":0,"enemies":"Looter","floor":7,"turns":5},{"damage":0,"enemies":"3 Louse","floor":11,"turns":2},{"damage":0,"enemies":"Gremlin Gang","floor":13,"turns":3},{"damage":11,"enemies":"The Guardian","floor":16,"turns":13},{"damage":0,"enemies":"Spheric Guardian","floor":18,"turns":1},{"damage":0,"enemies":"2 Thieves","floor":20,"turns":3},{"damage":0,"enemies":"Snecko","floor":22,"turns":5},{"damage":1,"enemies":"Sentry and Sphere","floor":24,"turns":4},{"damage":0,"enemies":"Gremlin Leader","floor":25,"turns":6},{"damage":9,"enemies":"Shelled Parasite and Fungi","floor":27,"turns":6},{"damage":5,"enemies":"Book of Stabbing","floor":30,"turns":6},{"damage":11,"enemies":"Snake Plant","floor":31,"turns":4},{"damage":1,"enemies":"Automaton","floor":33,"turns":10},{"damage":7,"enemies":"3 Darklings","floor":35,"turns":4},{"damage":0,"enemies":"Orb Walker","floor":37,"turns":4},{"damage":8,"enemies":"Spire Growth","floor":39,"turns":6},{"damage":2,"enemies":"Reptomancer","floor":40,"turns":8},{"damage":16,"enemies":"Sphere and 2 Shapes","floor":41,"turns":4},{"damage":46,"enemies":"Giant Head","floor":45,"turns":15},{"damage":0,"enemies":"Reptomancer","floor":47,"turns":8},{"damage":45,"enemies":"Awakened One","floor":50,"turns":22}],"seed_played":"-4451375095595605821","potions_obtained":[{"floor":5,"key":"AttackPotion"},{"floor":7,"key":"Strength Potion"},{"floor":18,"key":"AttackPotion"},{"floor":25,"key":"GhostInAJar"},{"floor":47,"key":"Energy Potion"}],"is_trial":false,"path_per_floor":["M","?","M","?","M","E","M","R","T","$","M","R","M","?","R","B",null,"M","$","M","?","M","R","M","E","T","M","R","?","E","M","R","B",null,"M","?","M","$","M","E","M","$","T","R","E","R","E","$","R","B"],"character_chosen":"THE_SILENT","items_purchased":["GhostInAJar","Backflip","Footwork","Lee\u0027s Waffle","PowerPotion"],"campfire_rested":1,"item_purchase_floors":[10,19,38,38,48],"current_hp_per_floor":[59,33,33,33,33,1,1,20,20,20,20,20,20,25,25,14,57,57,57,57,57,57,57,56,56,56,47,47,47,42,31,31,55,67,60,60,60,78,70,68,52,52,52,52,6,6,6,6,6,0],"gold":76,"neow_bonus":"THREE_RARE_CARDS","is_prod":false,"is_daily":false,"chose_seed":false,"campfire_upgraded":6,"win_rate":0,"timestamp":1554415560,"path_taken":["M","?","M","?","?","E","M","R","T","?","M","R","M","?","R","BOSS","M","$","M","?","M","R","M","E","T","M","R","?","E","M","R","BOSS","M","?","M","$","?","E","?","?","T","R","E","R","E","?","R","BOSS"],"build_version":"2019-03-15","purchased_purges":2,"victory":false,"max_hp_per_floor":[66,66,66,66,66,66,66,66,66,66,66,66,66,71,71,71,71,71,71,71,71,71,71,71,71,71,71,71,71,71,71,71,71,71,71,71,71,78,78,78,78,78,78,78,78,78,78,78,78,78],"card_choices":[{"not_picked":["Envenom","Grand Finale"],"picked":"Wraith Form v2","floor":0},{"not_picked":["Prepared","Bane","Acrobatics"],"picked":"SKIP","floor":1},{"not_picked":["Acrobatics","Bane"],"picked":"Quick Slash","floor":3},{"not_picked":["Outmaneuver","Flying Knee"],"picked":"Quick Slash","floor":5},{"not_picked":["All Out Attack","Underhanded Strike"],"picked":"Skewer","floor":6},{"not_picked":["Poisoned Stab","Acrobatics"],"picked":"Dagger Spray","floor":7},{"not_picked":["Reflex","Accuracy"],"picked":"Calculated Gamble","floor":11},{"not_picked":["Masterful Stab","Prepared","Slice"],"picked":"SKIP","floor":13},{"not_picked":["Night Terror","Doppelganger"],"picked":"Glass Knife","floor":16},{"not_picked":["Quick Slash","Deflect"],"picked":"Backflip","floor":18},{"not_picked":["Predator","Underhanded Strike","Dodge and Roll"],"picked":"SKIP","floor":20},{"not_picked":["Flying Knee","Predator","Dagger Spray"],"picked":"SKIP","floor":22},{"not_picked":["Prepared","Predator","Poisoned Stab"],"picked":"SKIP","floor":24},{"not_picked":["Bullet Time","Dash"],"picked":"Leg Sweep","floor":25},{"not_picked":["Blade Dance","Poisoned Stab+1"],"picked":"PiercingWail","floor":27},{"not_picked":["Bane+1","Accuracy"],"picked":"Deflect+1","floor":30},{"not_picked":["Choke","Dash"],"picked":"A Thousand Cuts","floor":31},{"not_picked":["Setup","Blade Dance"],"picked":"Escape Plan","floor":35},{"not_picked":["Slice+1","Bane"],"picked":"Backflip+1","floor":37},{"not_picked":["Flying Knee+1","Dagger Throw"],"picked":"PiercingWail+1","floor":39},{"not_picked":["Setup","Bane","Heel Hook"],"picked":"SKIP","floor":40},{"not_picked":["Bane","Deflect+1"],"picked":"Leg Sweep","floor":41},{"not_picked":["Poisoned Stab","Blur"],"picked":"Backflip","floor":45},{"not_picked":["Tools of the Trade","Sucker Punch","Underhanded Strike"],"picked":"SKIP","floor":47}],"player_experience":5435315,"relics_obtained":[{"floor":6,"key":"Lantern"},{"floor":9,"key":"Mercury Hourglass"},{"floor":25,"key":"Boot"},{"floor":26,"key":"Pantograph"},{"floor":30,"key":"Dodecahedron"},{"floor":40,"key":"Girya"},{"floor":45,"key":"Darkstone Periapt"},{"floor":47,"key":"Frozen Egg 2"}],"event_choices":[{"damage_healed":0,"gold_gain":0,"player_choice":"Success","damage_taken":26,"relics_obtained":["FossilizedHelix"],"max_hp_gain":0,"max_hp_loss":0,"event_name":"Scrap Ooze","floor":2,"gold_loss":0},{"damage_healed":0,"gold_gain":0,"cards_transformed":["Strike_G"],"player_choice":"Transformed","damage_taken":0,"max_hp_gain":0,"max_hp_loss":0,"event_name":"Transmorgrifier","floor":4,"gold_loss":0,"cards_obtained":["Storm of Steel"]},{"damage_healed":0,"gold_gain":0,"player_choice":"Donut","damage_taken":0,"max_hp_gain":5,"max_hp_loss":0,"event_name":"Big Fish","floor":14,"gold_loss":0},{"damage_healed":0,"gold_gain":0,"player_choice":"Ignored","damage_taken":0,"max_hp_gain":0,"max_hp_loss":0,"event_name":"Beggar","floor":21,"gold_loss":0},{"damage_healed":0,"gold_gain":0,"player_choice":"Ignored","damage_taken":0,"max_hp_gain":0,"max_hp_loss":0,"event_name":"The Mausoleum","floor":29,"gold_loss":0},{"damage_healed":0,"gold_gain":0,"player_choice":"Ignored","damage_taken":0,"max_hp_gain":0,"max_hp_loss":0,"event_name":"SecretPortal","floor":36,"gold_loss":0}],"is_beta":true,"boss_relics":[{"not_picked":["White Beast Statue","HoveringKite"],"picked":"Astrolabe"},{"not_picked":["Calling Bell","Black Star"],"picked":"Coffee Dripper"}],"items_purged_floors":[10,19],"is_endless":false,"potions_floor_spawned":[5,7,18,25,27,33,35,37,40,47],"killed_by":"Awakened One","ascension_level":20}