{"gold_per_floor":[111,131,131,150,175,175,175,216,216,216,251,269,282,326,326,424,424,448,467,467,667,680,707,707,727,727,738,764,781,815,815,815,892,892,903,917,971,981,1001,1030,1046,1074,1074,1074,1109,1124,701,711,711,711,711,711,711,49,81,81],"floor_reached":57,"playtime":4074,"items_purged":["Strike_R+1"],"score":2931,"play_id":"41fb002b-146e-4c01-97af-cbbfccf769ca","local_time":"20190404164716","is_ascension_mode":true,"campfire_choices":[{"data":"Perfected Strike","floor":6,"key":"SMITH"},{"data":"Shrug It Off","floor":10,"key":"SMITH"},{"data":"Fiend Fire","floor":15,"key":"SMITH"},{"data":"Feed","floor":24,"key":"SMITH"},{"data":"Demon Form","floor":32,"key":"SMITH"},{"floor":49,"key":"RECALL"},{"floor":53,"key":"REST"}],"neow_cost":"NONE","seed_source_timestamp":57873518882597,"circlet_count":0,"master_deck":["AscendersBane","Strike_R+1","Strike_R+1","Strike_R+1","Strike_R+1","Defend_R+1","Defend_R+1","Defend_R+1","Defend_R+1","Bash+1","Shrug It Off+1","Perfected Strike+1","Uppercut+1","Twin Strike+1","Reaper","Flame Barrier","Shrug It Off","Fiend Fire+1","Feed+1","Shockwave","Flame Barrier","Demon Form+1","Immolate","Clothesline+1","Flame Barrier","Perfected Strike+1","Uppercut","Perfected Strike+1","Evolve+1"],"relics":["Burning Blood","Bloody Idol","Boot","Kunai","Self Forming Clay","Darkstone Periapt","Snecko Eye","Paper Frog","Pear","Art of War","Shuriken","Velvet Choker","StoneCalendar","Potion Belt","Sundial","The Courier","Happy Flower","Bronze Scales","Whetstone","Orichalcum","Lantern","TheAbacus","Mercury Hourglass","Anchor"],"potions_floor_usage":[8,11,30,56,56,56,56],"damage_taken":[{"damage":5,"enemies":"2 Louse","floor":1,"turns":3},{"damage":1,"enemies":"Cultist","floor":2,"turns":3},{"damage":12,"enemies":"Jaw Worm","floor":4,"turns":2},{"damage":9,"enemies":"Blue Slaver","floor":5,"turns":2},{"damage":22,"enemies":"Lagavulin","floor":8,"turns":5},{"damage":0,"enemies":"Gremlin Nob","floor":11,"turns":2},{"damage":13,"enemies":"Gremlin Gang","floor":12,"turns":6},{"damage":6,"enemies":"2 Fungi Beasts","floor":13,"turns":5},{"damage":19,"enemies":"3 Sentries","floor":14,"turns":10},{"damage":20,"enemies":"The Guardian","floor":16,"turns":15},{"damage":24,"enemies":"3 Byrds","floor":18,"turns":6},{"damage":15,"enemies":"Shell Parasite","floor":19,"turns":4},{"damage":3,"enemies":"Snecko","floor":22,"turns":5},{"damage":24,"enemies":"Gremlin Leader","floor":23,"turns":5},{"damage":19,"enemies":"Snake Plant","floor":25,"turns":5},{"damage":12,"enemies":"Cultist and Chosen","floor":27,"turns":5},{"damage":38,"enemies":"Book of Stabbing","floor":28,"turns":6},{"damage":12,"enemies":"Centurion and Healer","floor":29,"turns":5},{"damage":19,"enemies":"Slavers","floor":30,"turns":5},{"damage":22,"enemies":"Champ","floor":33,"turns":12},{"damage":1,"enemies":"3 Darklings","floor":35,"turns":4},{"damage":28,"enemies":"Orb Walker","floor":36,"turns":6},{"damage":21,"enemies":"2 Orb Walkers","floor":37,"turns":4},{"damage":30,"enemies":"Spire Growth","floor":38,"turns":3},{"damage":0,"enemies":"Transient","floor":39,"turns":6},{"damage":28,"enemies":"Giant Head","floor":40,"turns":7},{"damage":1,"enemies":"Jaw Worm Horde","floor":41,"turns":3},{"damage":35,"enemies":"Reptomancer","floor":42,"turns":7},{"damage":14,"enemies":"Giant Head","floor":45,"turns":6},{"damage":24,"enemies":"Writhing Mass","floor":46,"turns":5},{"damage":8,"enemies":"Spire Growth","floor":48,"turns":3},{"damage":61,"enemies":"Donu and Deca","floor":50,"turns":7},{"damage":73,"enemies":"Awakened One","floor":51,"turns":15},{"damage":49,"enemies":"Shield and Spear","floor":55,"turns":5},{"damage":41,"enemies":"The Heart","floor":56,"turns":6}],"seed_played":"-6131642024141357625","potions_obtained":[{"floor":4,"key":"Poison Potion"},{"floor":5,"key":"BloodPotion"},{"floor":8,"key":"Energy Potion"},{"floor":12,"key":"AttackPotion"},{"floor":16,"key":"Regen Potion"},{"floor":22,"key":"PowerPotion"},{"floor":33,"key":"SkillPotion"},{"floor":37,"key":"Ancient Potion"},{"floor":41,"key":"PowerPotion"},{"floor":45,"key":"Fire Potion"},{"floor":46,"key":"SteroidPotion"}],"is_trial":false,"path_per_floor":["M","M","?","M","M","R","?","E","T","R","E","M","M","E","R","B",null,"M","M","?","?","M","E","R","M","T","M","E","M","E","?","R","B",null,"M","M","?","M","M","E","M","E","T","?","E","M","$","M","R","B","B",null,"R","$","E","B",null],"character_chosen":"IRONCLAD","items_purchased":["Happy Flower","Bronze Scales","Whetstone","Orichalcum","Lantern","TheAbacus","Mercury Hourglass","SteroidPotion"],"campfire_rested":1,"item_purchase_floors":[47,47,47,54,54,54,54,54],"current_hp_per_floor":[69,74,68,62,59,59,59,43,43,43,49,47,57,44,44,35,60,55,49,49,54,70,63,63,59,69,84,64,74,77,77,77,88,102,111,98,92,92,103,86,113,103,103,93,94,90,90,102,102,75,42,118,143,143,118,132],"gold":81,"neow_bonus":"THREE_CARDS","is_prod":false,"is_daily":false,"chose_seed":false,"campfire_upgraded":5,"win_rate":0,"timestamp":1554421636,"path_taken":["M","M","?","M","M","R","?","E","T","R","E","?","M","E","R","BOSS","M","M","?","?","?","E","R","M","T","M","E","M","E","?","R","BOSS","M","M","?","M","M","E","M","E","T","?","E","M","$","M","R","BOSS","BOSS","R","$","E","BOSS"],"build_version":"2019-03-15","purchased_purges":1,"victory":true,"max_hp_per_floor":[75,75,68,68,68,68,68,68,68,68,68,68,68,68,68,68,68,71,74,74,74,77,77,77,81,91,95,95,99,103,103,103,107,107,111,115,119,119,119,119,123,127,127,127,131,135,135,139,139,139,143,143,143,143,143,143],"card_choices":[{"not_picked":["Rage","Heavy Blade"],"picked":"Shrug It Off","floor":0},{"not_picked":["Rupture","Sentinel"],"picked":"Perfected Strike","floor":1},{"not_picked":["Intimidate","Havoc"],"picked":"Uppercut","floor":2},{"not_picked":["Shockwave","Body Slam"],"picked":"Twin Strike","floor":4},{"not_picked":["Whirlwind","Bloodletting","Rampage"],"picked":"SKIP","floor":5},{"not_picked":["Hemokinesis","Second Wind","Flex"],"picked":"SKIP","floor":8},{"not_picked":["Clash","Corruption"],"picked":"Reaper","floor":11},{"not_picked":["Wild Strike","Seeing Red"],"picked":"Flame Barrier","floor":12},{"not_picked":["Clash","Flex"],"picked":"Shrug It Off","floor":13},{"not_picked":["True Grit","Wild Strike"],"picked":"Fiend Fire","floor":14},{"not_picked":["Fiend Fire","Impervious"],"picked":"Feed","floor":16},{"not_picked":["Dropkick","Thunderclap"],"picked":"Shockwave","floor":18},{"not_picked":["Fire Breathing+1","Sever Soul","Pommel Strike"],"picked":"SKIP","floor":19},{"not_picked":["Intimidate","Heavy Blade","Iron Wave"],"picked":"SKIP","floor":22},{"not_picked":["Cleave","Havoc","Wild Strike"],"picked":"SKIP","floor":23},{"not_picked":["Cleave","Thunderclap"],"picked":"Flame Barrier","floor":25},{"not_picked":["Shrug It Off","Ghostly Armor","Rage"],"picked":"SKIP","floor":27},{"not_picked":["Sword Boomerang+1","Wild Strike","Warcry"],"picked":"SKIP","floor":28},{"not_picked":["Thunderclap","Body Slam","Warcry"],"picked":"SKIP","floor":29},{"not_picked":["Shrug It Off","Flex"],"picked":"Demon Form","floor":30},{"not_picked":["Juggernaut","Feed"],"picked":"Immolate","floor":33},{"not_picked":["Iron Wave","Twin Strike","Havoc"],"picked":"SKIP","floor":35},{"not_picked":["Flame Barrier","Metallicize"],"picked":"Clothesline+1","floor":36},{"not_picked":["Iron Wave","Perfected Strike","Anger"],"picked":"SKIP","floor":38},{"not_picked":["Thunderclap","Wild Strike"],"picked":"Flame Barrier","floor":39},{"not_picked":["Feed","Second Wind+1","True Grit"],"picked":"SKIP","floor":40},{"not_picked":["Shrug It Off+1","Wild Strike"],"picked":"Perfected Strike+1","floor":41},{"not_picked":["Twin Strike+1","Iron Wave"],"picked":"Uppercut","floor":42},{"not_picked":["Warcry","Brutality"],"picked":"Perfected Strike+1","floor":45},{"not_picked":["Inflame","Headbutt","Anger+1"],"picked":"SKIP","floor":46},{"not_picked":["Iron Wave+1","Carnage","Armaments+1"],"picked":"SKIP","floor":48},{"not_picked":["Bludgeon","Clothesline"],"picked":"Evolve+1","floor":55}],"player_experience":5440608,"relics_obtained":[{"floor":8,"key":"Boot"},{"floor":9,"key":"Kunai"},{"floor":11,"key":"Self Forming Clay"},{"floor":14,"key":"Darkstone Periapt"},{"floor":23,"key":"Paper Frog"},{"floor":26,"key":"Pear"},{"floor":28,"key":"Art of War"},{"floor":30,"key":"Shuriken"},{"floor":37,"key":"StoneCalendar"},{"floor":40,"key":"Potion Belt"},{"floor":42,"key":"Sundial"},{"floor":45,"key":"The Courier"},{"floor":55,"key":"Anchor"}],"event_choices":[{"damage_healed":0,"gold_gain":0,"player_choice":"Lose Max HP","damage_taken":0,"relics_obtained":["Golden Idol"],"max_hp_gain":0,"max_hp_loss":7,"event_name":"Golden Idol","floor":3,"gold_loss":0},{"damage_healed":0,"gold_gain":0,"player_choice":"Upgraded","damage_taken":0,"max_hp_gain":0,"max_hp_loss":0,"event_name":"Upgrade Shrine","floor":7,"gold_loss":0,"cards_upgraded":["Uppercut"]},{"damage_healed":0,"gold_gain":0,"player_choice":"Gave Idol","damage_taken":0,"relics_obtained":["Bloody Idol"],"max_hp_gain":0,"max_hp_loss":0,"event_name":"Forgotten Altar","floor":20,"relics_lost":["Golden Idol"],"gold_loss":0},{"damage_healed":0,"gold_gain":250,"player_choice":"Bet on Owner","damage_taken":0,"max_hp_gain":0,"max_hp_loss":0,"event_name":"The Joust","floor":21,"gold_loss":50},{"damage_healed":0,"gold_gain":0,"player_choice":"Simplicity","damage_taken":0,"max_hp_gain":0,"max_hp_loss":0,"event_name":"Back to Basics","floor":31,"gold_loss":0,"cards_upgraded":["Strike_R","Strike_R","Strike_R","Strike_R","Strike_R","Defend_R","Defend_R","Defend_R","Defend_R"]},{"damage_healed":0,"gold_gain":0,"player_choice":"Fight","damage_taken":0,"max_hp_gain":0,"max_hp_loss":0,"event_name":"Mysterious Sphere","floor":37,"gold_loss":0},{"damage_healed":0,"gold_gain":0,"player_choice":"Memory 3","damage_taken":10,"max_hp_gain":0,"max_hp_loss":0,"event_name":"SensoryStone","floor":44,"gold_loss":0}],"is_beta":true,"boss_relics":[{"not_picked":["Philosopher\u0027s Stone","Pandora\u0027s Box"],"picked":"Snecko Eye"},{"not_picked":["Sozu","Tiny House"],"picked":"Velvet Choker"}],"items_purged_floors":[47],"is_endless":false,"potions_floor_spawned":[4,5,8,12,16,18,22,27,29,33,37,41,45,46,48],"ascension_level":20}