{"gold_per_floor":[110,35,55,55,70,70,95,68,68,68,11,11,44,63,63,139,139,153,428,17,17,17,17,35,35,60,71,81,97,122,12,12,85,85,98,116,168,168,88,122,122,153,180,180,191,204,204,229,229,229,229,229,229,35,64,64],"floor_reached":57,"playtime":5161,"items_purged":["Regret","Strike_R"],"score":3186,"play_id":"c0c289be-c0e8-4152-a207-c5f86e814832","local_time":"20190407165557","is_ascension_mode":true,"campfire_choices":[{"data":"Headbutt","floor":6,"key":"SMITH"},{"floor":10,"key":"REST"},{"data":"Disarm","floor":15,"key":"SMITH"},{"data":"Corruption","floor":23,"key":"SMITH"},{"data":"Offering","floor":25,"key":"SMITH"},{"data":"Spot Weakness","floor":32,"key":"SMITH"},{"data":"Feed","floor":41,"key":"SMITH"},{"floor":44,"key":"RECALL"},{"data":"Metallicize","floor":47,"key":"SMITH"},{"data":"Evolve","floor":49,"key":"SMITH"},{"data":"Defend_R","floor":53,"key":"SMITH"}],"neow_cost":"NONE","seed_source_timestamp":246976220758654,"circlet_count":0,"master_deck":["AscendersBane","Strike_R","Strike_R","Defend_R+1","Defend_R+1","Defend_R+1","Bash+1","Pommel Strike+1","Disarm+1","Headbutt+1","Whirlwind+1","Uppercut+1","Feed+1","Spot Weakness+1","Offering+1","Writhe","Clumsy","Shame","Rage+1","Corruption+1","Feel No Pain+1","Finesse+1","Secret Technique+1","Ghostly+1","Ghostly+1","Ghostly+1","Second Wind+1","Entrench+1","Burning Pact+1","Metallicize+1","Exhume+1","Shockwave+1","Disarm+1","Evolve+1","Burning Pact+1","Warcry+1","Offering+1","Rage+1"],"relics":["Burning Blood","Mango","Mummified Hand","The Courier","Calling Bell","Dream Catcher","Toxic Egg 2","Dead Branch","Meat on the Bone","Oddly Smooth Stone","Bottled Lightning","Sozu","Thread and Needle","Mercury Hourglass","Ornamental Fan","Whetstone","Bronze Scales","Pantograph"],"potions_floor_usage":[7,13,24,30,56],"damage_taken":[{"damage":5,"enemies":"2 Louse","floor":1,"turns":3},{"damage":7,"enemies":"Jaw Worm","floor":3,"turns":3},{"damage":6,"enemies":"Small Slimes","floor":5,"turns":4},{"damage":44,"enemies":"3 Sentries","floor":7,"turns":10},{"damage":7,"enemies":"Exordium Thugs","floor":8,"turns":4},{"damage":16,"enemies":"Lagavulin","floor":13,"turns":7},{"damage":10,"enemies":"3 Louse","floor":14,"turns":5},{"damage":12,"enemies":"The Guardian","floor":16,"turns":11},{"damage":22,"enemies":"3 Byrds","floor":18,"turns":6},{"damage":6,"enemies":"2 Thieves","floor":24,"turns":3},{"damage":6,"enemies":"Sentry and Sphere","floor":27,"turns":13},{"damage":6,"enemies":"Cultist and Chosen","floor":28,"turns":8},{"damage":6,"enemies":"Snake Plant","floor":29,"turns":6},{"damage":19,"enemies":"Slavers","floor":30,"turns":7},{"damage":45,"enemies":"Champ","floor":33,"turns":13},{"damage":9,"enemies":"3 Darklings","floor":35,"turns":4},{"damage":6,"enemies":"Orb Walker","floor":36,"turns":4},{"damage":6,"enemies":"2 Orb Walkers","floor":37,"turns":2},{"damage":7,"enemies":"Giant Head","floor":40,"turns":2},{"damage":6,"enemies":"Reptomancer","floor":42,"turns":5},{"damage":6,"enemies":"Sphere and 2 Shapes","floor":45,"turns":3},{"damage":9,"enemies":"Transient","floor":46,"turns":3},{"damage":12,"enemies":"Giant Head","floor":48,"turns":5},{"damage":7,"enemies":"Donu and Deca","floor":50,"turns":5},{"damage":16,"enemies":"Awakened One","floor":51,"turns":6},{"damage":8,"enemies":"Shield and Spear","floor":55,"turns":5},{"damage":45,"enemies":"The Heart","floor":56,"turns":8}],"seed_played":"-6694503534342433795","potions_obtained":[{"floor":3,"key":"Fire Potion"},{"floor":8,"key":"EssenceOfSteel"},{"floor":18,"key":"Explosive Potion"},{"floor":27,"key":"Block Potion"},{"floor":33,"key":"Strength Potion"}],"is_trial":false,"path_per_floor":["M","?","M","?","M","R","E","M","T","R","$","?","E","M","R","B",null,"M","?","$","T","?","R","M","R","T","M","M","M","E","?","R","B",null,"M","M","?","?","$","E","R","E","T","R","M","M","R","E","R","B","B",null,"R","$","E","B",null],"character_chosen":"IRONCLAD","items_purchased":["SkillPotion","Corruption","Feel No Pain","Finesse+1","Secret Technique+1","Offering+1","Bronze Scales"],"campfire_rested":1,"item_purchase_floors":[11,20,20,20,20,54,54],"current_hp_per_floor":[69,69,68,45,45,45,21,20,20,46,46,46,36,35,35,32,79,66,66,66,66,49,49,52,52,52,55,58,61,51,51,51,24,54,54,57,63,63,63,65,65,65,65,65,69,70,70,68,68,71,65,91,91,91,97,68],"gold":64,"neow_bonus":"UPGRADE_CARD","is_prod":false,"is_daily":false,"chose_seed":false,"campfire_upgraded":9,"win_rate":0,"timestamp":1554681357,"path_taken":["M","?","M","?","M","R","E","M","T","R","$","?","E","M","R","BOSS","M","?","$","?","?","R","M","R","T","M","M","M","E","?","R","BOSS","M","M","?","?","$","E","R","E","T","R","M","M","R","E","R","BOSS","BOSS","R","$","E","BOSS"],"build_version":"2019-04-04","purchased_purges":2,"victory":true,"max_hp_per_floor":[75,75,75,75,75,75,89,89,89,89,89,89,89,92,92,95,95,98,98,98,98,49,49,52,52,52,55,58,61,64,64,64,64,64,67,70,76,76,76,79,79,79,79,79,83,87,87,91,91,95,99,99,99,99,107,107],"card_choices":[{"not_picked":["Iron Wave","Headbutt"],"picked":"Pommel Strike","floor":1},{"not_picked":["Anger","Heavy Blade"],"picked":"Disarm","floor":3},{"not_picked":["Fire Breathing","Heavy Blade"],"picked":"Headbutt","floor":5},{"not_picked":["Body Slam","Second Wind"],"picked":"Whirlwind","floor":7},{"not_picked":["Sentinel","Clash"],"picked":"Uppercut","floor":8},{"not_picked":["Infernal Blade","Body Slam"],"picked":"Feed","floor":13},{"not_picked":["Uppercut","Twin Strike"],"picked":"Spot Weakness","floor":14},{"not_picked":["Brutality","Demon Form"],"picked":"Offering","floor":16},{"not_picked":["Pommel Strike","Perfected Strike"],"picked":"Rage+1","floor":18},{"not_picked":["Inflame","Infernal Blade+1"],"picked":"Second Wind+1","floor":24},{"not_picked":["Iron Wave","Cleave"],"picked":"Entrench+1","floor":27},{"not_picked":["Infernal Blade+1","Rupture"],"picked":"Burning Pact+1","floor":28},{"not_picked":["Headbutt","Second Wind+1","Anger"],"picked":"SKIP","floor":29},{"not_picked":["Sword Boomerang","Dropkick+1"],"picked":"Metallicize","floor":30},{"not_picked":["Berserk","Bludgeon"],"picked":"Exhume+1","floor":33},{"not_picked":["Searing Blow","Combust","Thunderclap"],"picked":"SKIP","floor":35},{"not_picked":["Armaments+1","Bloodletting+1","Perfected Strike+1"],"picked":"SKIP","floor":36},{"not_picked":["Shrug It Off+1","Armaments+1"],"picked":"Shockwave+1","floor":37},{"not_picked":["Sword Boomerang+1","Cleave+1","Pommel Strike+1"],"picked":"SKIP","floor":40},{"not_picked":["Metallicize","Flex+1"],"picked":"Disarm+1","floor":42},{"not_picked":["Heavy Blade+1","Armaments+1"],"picked":"Evolve","floor":45},{"not_picked":["Heavy Blade","Combust+1"],"picked":"Burning Pact+1","floor":46},{"not_picked":["Rampage+1","Thunderclap"],"picked":"Warcry+1","floor":48},{"not_picked":["Evolve","Whirlwind"],"picked":"Rage+1","floor":55}],"player_experience":5483330,"relics_obtained":[{"floor":7,"key":"Mango"},{"floor":9,"key":"Mummified Hand"},{"floor":13,"key":"The Courier"},{"floor":17,"key":"Dream Catcher"},{"floor":17,"key":"Toxic Egg 2"},{"floor":17,"key":"Dead Branch"},{"floor":21,"key":"Meat on the Bone"},{"floor":26,"key":"Oddly Smooth Stone"},{"floor":30,"key":"Bottled Lightning"},{"floor":37,"key":"Thread and Needle"},{"floor":40,"key":"Mercury Hourglass"},{"floor":42,"key":"Ornamental Fan"},{"floor":48,"key":"Whetstone"},{"floor":55,"key":"Pantograph"}],"event_choices":[{"cards_removed":["Strike_R"],"damage_healed":0,"gold_gain":0,"player_choice":"Card Removal","damage_taken":0,"max_hp_gain":0,"max_hp_loss":0,"event_name":"The Cleric","floor":2,"gold_loss":75},{"damage_healed":0,"gold_gain":0,"player_choice":"Entered Light","damage_taken":23,"max_hp_gain":0,"max_hp_loss":0,"event_name":"Shining Light","floor":4,"gold_loss":0,"cards_upgraded":["Defend_R","Defend_R"]},{"damage_healed":0,"gold_gain":0,"player_choice":"Grow","damage_taken":0,"max_hp_gain":0,"max_hp_loss":0,"event_name":"Living Wall","floor":12,"gold_loss":0,"cards_upgraded":["Uppercut"]},{"damage_healed":0,"gold_gain":275,"player_choice":"Desecrate","damage_taken":0,"max_hp_gain":0,"max_hp_loss":0,"event_name":"Golden Shrine","floor":19,"gold_loss":0,"cards_obtained":["Regret"]},{"damage_healed":0,"gold_gain":0,"player_choice":"Became a Ghost","damage_taken":0,"max_hp_gain":0,"max_hp_loss":49,"event_name":"Ghosts","floor":22,"gold_loss":0,"cards_obtained":["Ghostly","Ghostly","Ghostly"]},{"cards_removed":["Strike_R"],"damage_healed":0,"gold_gain":0,"player_choice":"Upgrade and Remove","damage_taken":0,"max_hp_gain":0,"max_hp_loss":0,"event_name":"Designer","floor":31,"gold_loss":110,"cards_upgraded":["Feel No Pain"]},{"damage_healed":0,"gold_gain":0,"player_choice":"Fight","damage_taken":0,"max_hp_gain":0,"max_hp_loss":0,"event_name":"Mysterious Sphere","floor":37,"gold_loss":0},{"cards_removed":["Defend_R"],"damage_healed":0,"gold_gain":0,"player_choice":"Removed Skill","damage_taken":0,"max_hp_gain":0,"max_hp_loss":0,"event_name":"Falling","floor":38,"gold_loss":0}],"is_beta":true,"boss_relics":[{"not_picked":["Coffee Dripper","Runic Dome"],"picked":"Calling Bell"},{"not_picked":["Eternal Feather","White Beast Statue"],"picked":"Sozu"}],"items_purged_floors":[20,39],"is_endless":false,"potions_floor_spawned":[3,8,18,27,28,33,35,37,42,55],"ascension_level":20}