{"gold_per_floor":[13,13,13,25,45,45,71,82,109,142,67,67,82,108,108,179,179,191,191,207,222,272,285,285,314,314,52,80,80,111,111,111,189,189,208,208,208,222,237,237,270,270,270,121,131,131,165,180,180,180,180,180,180,34,69,69],"floor_reached":57,"playtime":6505,"items_purged":["Strike_R+1","Strike_R+1","Defend_R"],"score":2776,"play_id":"2c531c83-f0d3-4141-9966-4d95f1220ab1","local_time":"20190411074140","is_ascension_mode":true,"campfire_choices":[{"floor":6,"key":"REST"},{"data":"Clothesline","floor":15,"key":"SMITH"},{"data":"Combust","floor":24,"key":"SMITH"},{"floor":29,"key":"REST"},{"floor":32,"key":"REST"},{"data":"Brutality","floor":40,"key":"SMITH"},{"floor":42,"key":"RECALL"},{"data":"Iron Wave","floor":46,"key":"SMITH"},{"data":"Rupture","floor":49,"key":"SMITH"},{"data":"Impervious","floor":53,"key":"SMITH"}],"neow_cost":"NO_GOLD","seed_source_timestamp":57293937159770,"circlet_count":0,"master_deck":["AscendersBane","Defend_R+1","Defend_R+1","Defend_R","Bash+1","Reaper","Headbutt","Clothesline+1","Iron Wave+1","Combust+1","Impervious+1","Feed+1","Iron Wave+1","Shockwave+1","Rupture+1","True Grit+1","Exhume+1","Shrug It Off+1","Brutality+1","Havoc+1","Spot Weakness+1","Impervious+1","Corruption","Sword Boomerang+1","Disarm+1","Reaper+1","Flash of Steel+1","Heavy Blade+1"],"relics":["Burning Blood","Boot","Happy Flower","Bronze Scales","Molten Egg 2","Empty Cage","Regal Pillow","Sundial","Toxic Egg 2","Self Forming Clay","Vajra","Nilry\u0027s Codex","Coffee Dripper","Smiling Mask","War Paint","Strawberry"],"potions_floor_usage":[8,16,21,23,30,30,56,56],"damage_taken":[{"damage":4,"enemies":"2 Louse","floor":1,"turns":4},{"damage":9,"enemies":"Jaw Worm","floor":4,"turns":4},{"damage":6,"enemies":"Cultist","floor":5,"turns":3},{"damage":32,"enemies":"Gremlin Nob","floor":7,"turns":4},{"damage":15,"enemies":"3 Louse","floor":8,"turns":3},{"damage":20,"enemies":"Lagavulin","floor":10,"turns":5},{"damage":15,"enemies":"Gremlin Gang","floor":13,"turns":6},{"damage":25,"enemies":"3 Sentries","floor":14,"turns":8},{"damage":26,"enemies":"The Guardian","floor":16,"turns":10},{"damage":16,"enemies":"3 Byrds","floor":18,"turns":4},{"damage":20,"enemies":"2 Thieves","floor":20,"turns":4},{"damage":21,"enemies":"3 Cultists","floor":21,"turns":5},{"damage":15,"enemies":"Centurion and Healer","floor":23,"turns":10},{"damage":47,"enemies":"Slavers","floor":25,"turns":5},{"damage":38,"enemies":"Book of Stabbing","floor":28,"turns":6},{"damage":65,"enemies":"Slavers","floor":30,"turns":7},{"damage":32,"enemies":"Champ","floor":33,"turns":13},{"damage":28,"enemies":"3 Darklings","floor":35,"turns":9},{"damage":15,"enemies":"3 Shapes","floor":38,"turns":9},{"damage":10,"enemies":"Spire Growth","floor":39,"turns":7},{"damage":27,"enemies":"Nemesis","floor":41,"turns":7},{"damage":49,"enemies":"3 Darklings","floor":45,"turns":5},{"damage":18,"enemies":"Giant Head","floor":47,"turns":8},{"damage":20,"enemies":"4 Shapes","floor":48,"turns":12},{"damage":87,"enemies":"Donu and Deca","floor":50,"turns":11},{"damage":93,"enemies":"Awakened One","floor":51,"turns":13},{"damage":36,"enemies":"Shield and Spear","floor":55,"turns":6},{"damage":63,"enemies":"The Heart","floor":56,"turns":8}],"seed_played":"8323076153170486844","potions_obtained":[{"floor":5,"key":"SkillPotion"},{"floor":7,"key":"PowerPotion"},{"floor":8,"key":"Swift Potion"},{"floor":18,"key":"Explosive Potion"},{"floor":21,"key":"EssenceOfSteel"},{"floor":33,"key":"Block Potion"},{"floor":38,"key":"Regen Potion"},{"floor":39,"key":"Regen Potion"},{"floor":41,"key":"SteroidPotion"},{"floor":47,"key":"Ancient Potion"}],"is_trial":false,"path_per_floor":["M","?","?","M","M","R","E","M","T","E","?","$","M","E","R","B",null,"M","?","M","M","?","M","R","E","T","$","E","R","E","?","R","B",null,"M","?","?","M","M","R","E","R","T","$","M","R","E","M","R","B","B",null,"R","$","E","B",null],"character_chosen":"IRONCLAD","items_purchased":["True Grit+1","Exhume+1","SteroidPotion","Corruption","Sword Boomerang+1","Flash of Steel+1"],"campfire_rested":3,"item_purchase_floors":[27,27,27,44,44,54],"current_hp_per_floor":[84,84,57,54,60,86,63,69,69,60,60,60,57,53,53,39,77,83,83,83,82,82,82,82,60,60,60,32,80,47,26,77,97,118,114,114,114,127,131,131,135,135,135,135,135,135,139,144,144,151,140,148,148,148,162,147],"gold":69,"neow_bonus":"TWENTY_PERCENT_HP_BONUS","is_prod":false,"is_daily":false,"chose_seed":false,"campfire_upgraded":6,"win_rate":0,"timestamp":1554993700,"path_taken":["M","?","?","M","M","R","E","M","T","E","?","?","?","E","R","BOSS","M","?","M","?","?","M","R","E","T","$","E","R","E","?","R","BOSS","M","?","?","M","M","R","E","R","T","$","?","R","E","M","R","BOSS","BOSS","R","$","E","BOSS"],"build_version":"2019-04-04","purchased_purges":3,"victory":true,"max_hp_per_floor":[89,89,89,89,89,89,89,89,89,89,89,89,89,89,89,89,89,93,93,97,101,101,105,105,109,109,109,113,113,121,121,121,125,125,129,123,123,127,131,131,135,135,135,135,135,135,139,147,147,151,151,151,151,151,162,166],"card_choices":[{"not_picked":["Burning Pact","Rage"],"picked":"Pommel Strike","floor":1},{"not_picked":["Wild Strike","Perfected Strike"],"picked":"Reaper","floor":4},{"not_picked":["Body Slam","Blood for Blood"],"picked":"Headbutt","floor":5},{"not_picked":["Blood for Blood","Cleave"],"picked":"Clothesline","floor":7},{"not_picked":["Cleave","Heavy Blade"],"picked":"Iron Wave","floor":8},{"not_picked":["Twin Strike","Perfected Strike","Uppercut"],"picked":"SKIP","floor":10},{"not_picked":["Thunderclap","Body Slam"],"picked":"Combust","floor":13},{"not_picked":["Seeing Red","Searing Blow"],"picked":"Impervious","floor":14},{"not_picked":["Fiend Fire+1","Brutality"],"picked":"Feed+1","floor":16},{"not_picked":["Body Slam+1","Wild Strike+1","Warcry"],"picked":"SKIP","floor":18},{"not_picked":["Twin Strike+1","Dropkick+1"],"picked":"Iron Wave+1","floor":20},{"not_picked":["Heavy Blade+1","Sword Boomerang+1","Twin Strike+1"],"picked":"SKIP","floor":21},{"not_picked":["Sentinel+1","Iron Wave+1"],"picked":"Shockwave+1","floor":23},{"not_picked":["Iron Wave+1","Havoc"],"picked":"Rupture","floor":25},{"not_picked":["Clash+1","Blood for Blood+1"],"picked":"Shrug It Off+1","floor":28},{"not_picked":["Armaments+1","Intimidate+1","Carnage+1"],"picked":"SKIP","floor":30},{"not_picked":["Double Tap+1","Feed+1"],"picked":"Brutality","floor":33},{"not_picked":["Intimidate+1","Anger+1","Thunderclap+1"],"picked":"SKIP","floor":35},{"not_picked":["Wild Strike+1","Sentinel+1"],"picked":"Havoc+1","floor":38},{"not_picked":["Reckless Charge+1","Searing Blow+1"],"picked":"Spot Weakness+1","floor":39},{"not_picked":["Armaments+1","Clash+1"],"picked":"Impervious+1","floor":41},{"not_picked":["Whirlwind+1","Warcry+1"],"picked":"Disarm+1","floor":45},{"not_picked":["Perfected Strike+1","Intimidate+1","Havoc+1"],"picked":"SKIP","floor":47},{"not_picked":["Perfected Strike+1","Blood for Blood+1"],"picked":"Reaper+1","floor":48},{"not_picked":["Flame Barrier+1","Rupture"],"picked":"Heavy Blade+1","floor":55}],"player_experience":5521614,"relics_obtained":[{"floor":7,"key":"Boot"},{"floor":9,"key":"Happy Flower"},{"floor":10,"key":"Bronze Scales"},{"floor":14,"key":"Molten Egg 2"},{"floor":25,"key":"Sundial"},{"floor":26,"key":"Toxic Egg 2"},{"floor":28,"key":"Self Forming Clay"},{"floor":30,"key":"Vajra"},{"floor":31,"key":"Nilry\u0027s Codex"},{"floor":41,"key":"Smiling Mask"},{"floor":47,"key":"War Paint"},{"floor":55,"key":"Strawberry"}],"event_choices":[{"damage_healed":0,"gold_gain":0,"player_choice":"Grow","damage_taken":0,"max_hp_gain":0,"max_hp_loss":0,"event_name":"Living Wall","floor":2,"gold_loss":0,"cards_upgraded":["Bash"]},{"damage_healed":0,"gold_gain":0,"player_choice":"Entered Light","damage_taken":27,"max_hp_gain":0,"max_hp_loss":0,"event_name":"Shining Light","floor":3,"gold_loss":0,"cards_upgraded":["Strike_R","Strike_R"]},{"cards_removed":["Strike_R"],"damage_healed":0,"gold_gain":0,"player_choice":"Card Removal","damage_taken":0,"max_hp_gain":0,"max_hp_loss":0,"event_name":"The Cleric","floor":11,"gold_loss":75},{"cards_removed":["Pommel Strike"],"damage_healed":0,"gold_gain":0,"player_choice":"Gave Card","damage_taken":0,"relics_obtained":["Regal Pillow"],"max_hp_gain":0,"max_hp_loss":0,"event_name":"WeMeetAgain","floor":19,"gold_loss":0},{"damage_healed":0,"gold_gain":50,"player_choice":"Stole From Cult","damage_taken":0,"max_hp_gain":0,"max_hp_loss":0,"event_name":"Nest","floor":22,"gold_loss":0},{"damage_healed":0,"gold_gain":0,"player_choice":"Obtained Book","damage_taken":21,"max_hp_gain":0,"max_hp_loss":0,"event_name":"Cursed Tome","floor":31,"gold_loss":0},{"damage_healed":0,"gold_gain":0,"player_choice":"Max HP","damage_taken":0,"max_hp_gain":0,"max_hp_loss":6,"event_name":"Winding Halls","floor":36,"gold_loss":0},{"damage_healed":0,"gold_gain":0,"player_choice":"Ignored","damage_taken":0,"max_hp_gain":0,"max_hp_loss":0,"event_name":"SecretPortal","floor":37,"gold_loss":0}],"is_beta":true,"boss_relics":[{"not_picked":["Runic Cube","Lizard Tail"],"picked":"Empty Cage"},{"not_picked":["Astrolabe","Mark of Pain"],"picked":"Coffee Dripper"}],"items_purged_floors":[27,44,54],"is_endless":false,"potions_floor_spawned":[5,7,8,13,18,21,33,38,39,41,47],"ascension_level":20}