{"gold_per_floor":[114,141,141,153,167,198,198,230,280,308,308,328,353,99,99,171,171,187,205,205,219,17,17,34,48,74,74,102,118,118,118],"floor_reached":31,"playtime":2776,"items_purged":["Strike_B","Pain"],"score":570,"play_id":"fcc2608e-38ba-499a-93e8-d6f5818b7610","local_time":"20190410151633","is_ascension_mode":true,"campfire_choices":[{"data":"Zap","floor":7,"key":"SMITH"},{"floor":11,"key":"REST"},{"data":"Fission","floor":15,"key":"SMITH"},{"floor":23,"key":"REST"},{"data":"Barrage","floor":27,"key":"SMITH"}],"neow_cost":"NONE","seed_source_timestamp":1945009624033,"circlet_count":0,"master_deck":["AscendersBane","Strike_B","Strike_B","Defend_B","Defend_B+1","Defend_B+1","Defend_B","Zap+1","Dualcast","Static Discharge","Compile Driver","Barrage+1","Doom and Gloom","Coolheaded","Capacitor","Hologram","Fission+1","Rainbow","Hologram","Compile Driver+1","Doom and Gloom","Capacitor+1","Fusion","Cold Snap+1"],"relics":["Cracked Core","Potion Belt","Vajra","Dream Catcher","Anchor","War Paint","Orichalcum","Pantograph","Snecko Eye","WarpedTongs","DataDisk","Juzu Bracelet","Enchiridion"],"potions_floor_usage":[6,10,19,31,31,31],"damage_taken":[{"damage":1,"enemies":"Cultist","floor":1,"turns":4},{"damage":4,"enemies":"Jaw Worm","floor":4,"turns":4},{"damage":0,"enemies":"Small Slimes","floor":5,"turns":2},{"damage":11,"enemies":"Gremlin Nob","floor":6,"turns":3},{"damage":25,"enemies":"Lagavulin","floor":8,"turns":7},{"damage":19,"enemies":"Gremlin Nob","floor":10,"turns":4},{"damage":0,"enemies":"Red Slaver","floor":12,"turns":3},{"damage":12,"enemies":"Lagavulin","floor":13,"turns":6},{"damage":12,"enemies":"The Guardian","floor":16,"turns":10},{"damage":10,"enemies":"2 Thieves","floor":18,"turns":3},{"damage":19,"enemies":"3 Byrds","floor":19,"turns":4},{"damage":2,"enemies":"Centurion and Healer","floor":21,"turns":5},{"damage":0,"enemies":"Chosen and Byrds","floor":24,"turns":2},{"damage":0,"enemies":"3 Cultists","floor":25,"turns":3},{"damage":22,"enemies":"Gremlin Leader","floor":28,"turns":5},{"damage":4,"enemies":"Snecko","floor":29,"turns":3},{"damage":9,"enemies":"Snake Plant","floor":31,"turns":2}],"seed_played":"4420414607825577223","potions_obtained":[{"floor":1,"key":"Fire Potion"},{"floor":4,"key":"Explosive Potion"},{"floor":5,"key":"Ancient Potion"},{"floor":10,"key":"SpeedPotion"},{"floor":18,"key":"SpeedPotion"},{"floor":24,"key":"FearPotion"},{"floor":25,"key":"Poison Potion"},{"floor":29,"key":"Swift Potion"}],"is_trial":false,"path_per_floor":["M","T","?","M","M","E","R","E","T","E","R","M","E","$","R","B",null,"M","M","?","M","$","R","M","M","T","R","E","M","?","M"],"character_chosen":"DEFECT","items_purchased":["Fission","Doom and Gloom","Swift Potion"],"campfire_rested":2,"item_purchase_floors":[14,22,22],"current_hp_per_floor":[63,63,63,59,59,48,48,23,23,4,25,25,13,13,13,26,60,50,31,31,29,29,50,50,50,50,50,28,24,3,0],"gold":118,"neow_bonus":"RANDOM_COMMON_RELIC","is_prod":false,"is_daily":false,"chose_seed":false,"campfire_upgraded":3,"win_rate":0,"timestamp":1554934593,"path_taken":["M","?","?","?","M","E","R","E","T","E","R","M","E","$","R","BOSS","M","M","?","M","$","R","?","M","T","R","E","M","?","M"],"build_version":"2019-04-04","purchased_purges":2,"victory":false,"max_hp_per_floor":[71,71,71,71,71,71,71,71,71,71,71,71,71,71,71,71,71,71,71,71,71,71,71,71,71,71,71,71,71,71,71],"card_choices":[{"not_picked":["Hello World","Streamline"],"picked":"Static Discharge","floor":1},{"not_picked":["Sunder","Conserve Battery"],"picked":"Compile Driver","floor":4},{"not_picked":["Reprogram","Aggregate"],"picked":"Barrage","floor":5},{"not_picked":["Lockon","Steam Power","Stack"],"picked":"SKIP","floor":6},{"not_picked":["BootSequence","Turbo"],"picked":"Doom and Gloom","floor":8},{"not_picked":["Cold Snap","Leap"],"picked":"Coolheaded","floor":10},{"not_picked":["Rebound","Sunder"],"picked":"Capacitor","floor":12},{"not_picked":["Machine Learning","Conserve Battery"],"picked":"Hologram","floor":13},{"not_picked":["Hyperbeam","Thunder Strike"],"picked":"Rainbow","floor":16},{"not_picked":["Ball Lightning","Double Energy"],"picked":"Hologram","floor":18},{"not_picked":["Stack","Double Energy","Beam Cell"],"picked":"SKIP","floor":19},{"not_picked":["Sweeping Beam","Beam Cell"],"picked":"Compile Driver+1","floor":21},{"not_picked":["Gash","Darkness"],"picked":"Capacitor+1","floor":24},{"not_picked":["Aggregate+1","Turbo"],"picked":"Fusion","floor":25},{"not_picked":["Double Energy","Barrage"],"picked":"Cold Snap+1","floor":28},{"not_picked":["Scrape","Sweeping Beam","Stack"],"picked":"SKIP","floor":29}],"player_experience":5507876,"relics_obtained":[{"floor":2,"key":"Vajra"},{"floor":6,"key":"Dream Catcher"},{"floor":8,"key":"Anchor"},{"floor":9,"key":"War Paint"},{"floor":10,"key":"Orichalcum"},{"floor":13,"key":"Pantograph"},{"floor":26,"key":"DataDisk"},{"floor":28,"key":"Juzu Bracelet"},{"floor":30,"key":"Enchiridion"}],"event_choices":[{"cards_removed":["Strike_B"],"damage_healed":0,"gold_gain":0,"player_choice":"Purged","damage_taken":0,"max_hp_gain":0,"max_hp_loss":0,"event_name":"Purifier","floor":3,"gold_loss":0},{"damage_healed":0,"gold_gain":0,"player_choice":"Rummage","damage_taken":0,"relics_obtained":["WarpedTongs"],"max_hp_gain":0,"max_hp_loss":0,"event_name":"Accursed Blacksmith","floor":20,"gold_loss":0,"cards_obtained":["Pain"]},{"damage_healed":0,"gold_gain":0,"player_choice":"Obtained Book","damage_taken":21,"max_hp_gain":0,"max_hp_loss":0,"event_name":"Cursed Tome","floor":30,"gold_loss":0}],"is_beta":true,"boss_relics":[{"not_picked":["Fusion Hammer","White Beast Statue"],"picked":"Snecko Eye"}],"items_purged_floors":[14,22],"is_endless":false,"potions_floor_spawned":[1,4,5,10,18,24,25,29],"killed_by":"Snake Plant","ascension_level":20}