{"gold_per_floor":[214,49,61,61,136,136,162,175,175,175,175],"floor_reached":11,"playtime":353,"items_purged":[],"score":142,"play_id":"eb56ac8c-65ea-4916-b264-aee55f96c0dd","local_time":"20190407152904","is_ascension_mode":true,"campfire_choices":[{"data":"Zap","floor":6,"key":"SMITH"},{"data":"Strike_B","floor":10,"key":"PURGE"}],"neow_cost":"NONE","seed_source_timestamp":246593854170941,"circlet_count":0,"master_deck":["AscendersBane","Strike_B","Strike_B","Strike_B","Defend_B","Defend_B","Defend_B","Defend_B","Zap+1","Dualcast","Self Repair","Coolheaded","Rainbow","Compile Driver"],"relics":["Cracked Core","DataDisk","Question Card","Peace Pipe"],"potions_floor_usage":[],"damage_taken":[{"damage":7,"enemies":"Jaw Worm","floor":1,"turns":3},{"damage":0,"enemies":"Small Slimes","floor":3,"turns":2},{"damage":14,"enemies":"Lagavulin","floor":7,"turns":8},{"damage":1,"enemies":"2 Louse","floor":8,"turns":3},{"damage":60,"enemies":"Gremlin Nob","floor":11,"turns":4}],"seed_played":"6709531627151188733","potions_obtained":[{"floor":1,"key":"Regen Potion"}],"is_trial":false,"path_per_floor":["M","$","M","?","?","R","E","M","T","R","E"],"character_chosen":"DEFECT","items_purchased":["DataDisk"],"campfire_rested":0,"item_purchase_floors":[2],"current_hp_per_floor":[57,57,57,62,51,51,44,50,50,50,0],"gold":175,"neow_bonus":"HUNDRED_GOLD","is_prod":false,"is_daily":false,"chose_seed":false,"campfire_upgraded":1,"win_rate":0,"timestamp":1554676144,"path_taken":["M","$","M","?","?","R","E","M","T","R","E"],"build_version":"2019-04-04","purchased_purges":0,"victory":false,"max_hp_per_floor":[71,71,71,76,76,76,76,76,76,76,76],"card_choices":[{"not_picked":["Sweeping Beam","Leap"],"picked":"Self Repair","floor":1},{"not_picked":["Turbo","Compile Driver"],"picked":"Coolheaded","floor":3},{"not_picked":["Stack","Beam Cell"],"picked":"Rainbow","floor":7},{"not_picked":["Heatsinks","Reinforced Body","All For One"],"picked":"Compile Driver","floor":8}],"player_experience":5482977,"relics_obtained":[{"floor":7,"key":"Question Card"},{"floor":9,"key":"Peace Pipe"}],"event_choices":[{"damage_healed":0,"gold_gain":0,"player_choice":"Donut","damage_taken":0,"max_hp_gain":5,"max_hp_loss":0,"event_name":"Big Fish","floor":4,"gold_loss":0},{"damage_healed":0,"gold_gain":75,"player_choice":"Gather Gold","damage_taken":11,"max_hp_gain":0,"max_hp_loss":0,"event_name":"World of Goop","floor":5,"gold_loss":0}],"is_beta":true,"boss_relics":[],"items_purged_floors":[],"is_endless":false,"potions_floor_spawned":[1],"killed_by":"Gremlin Nob","ascension_level":20}