{"gold_per_floor":[218,218,238,249,3,3,35,35,35,68,83,83,101,101,101,177,177,188,103,82,82,82,82,112,112,112,112,52,52,80,94,94,171,171,182,12,26,26,74,74,102,120,146,146,177,190,221,321,321,321,321,321,321,0,34,34],"floor_reached":57,"playtime":3741,"items_purged":["Strike_B"],"score":3018,"play_id":"95e31b5f-ea4d-4123-9c46-9d1b5575dfee","local_time":"20190402181925","is_ascension_mode":true,"campfire_choices":[{"data":"Zap","floor":6,"key":"SMITH"},{"floor":8,"key":"REST"},{"data":"Biased Cognition","floor":12,"key":"SMITH"},{"floor":15,"key":"REST"},{"floor":23,"key":"REST"},{"floor":25,"key":"REST"},{"data":"Self Repair","floor":32,"key":"SMITH"},{"data":"Defragment","floor":40,"key":"SMITH"},{"floor":44,"key":"RECALL"},{"data":"Dualcast","floor":49,"key":"SMITH"},{"data":"Gash","floor":53,"key":"SMITH"}],"neow_cost":"NONE","seed_source_timestamp":13309605051576,"circlet_count":0,"master_deck":["AscendersBane","Zap+1","Dualcast+1","Barrage","Sweeping Beam","Cold Snap","Self Repair+1","Biased Cognition+1","Gash+1","Hologram+1","Gash","Core Surge","Hologram+1","Hologram+1","Glacier+1","Gash","All For One","Hologram+1","Skim+1","Reboot+1","Core Surge","Meteor Strike","White Noise+1","Hello World","Defragment+1","Master of Strategy+1","Glacier+1","Hologram+1","Go for the Eyes+1","Hologram+1","Compile Driver","Coolheaded+1","Fission+1","Static Discharge","Biased Cognition","Reinforced Body+1"],"relics":["Cracked Core","DataDisk","Gremlin Horn","Mercury Hourglass","Toxic Egg 2","Sundial","Sozu","Ginger","Enchiridion","Happy Flower","Meat on the Bone","The Courier","Mummified Hand","Pandora\u0027s Box","Thread and Needle","Juzu Bracelet","Oddly Smooth Stone","Regal Pillow","Calipers","Ornamental Fan"],"potions_floor_usage":[7,56,56],"damage_taken":[{"damage":10,"enemies":"2 Louse","floor":1,"turns":3},{"damage":12,"enemies":"Jaw Worm","floor":3,"turns":3},{"damage":5,"enemies":"Small Slimes","floor":4,"turns":3},{"damage":25,"enemies":"Gremlin Nob","floor":7,"turns":4},{"damage":12,"enemies":"Lagavulin","floor":10,"turns":4},{"damage":6,"enemies":"Looter","floor":11,"turns":3},{"damage":1,"enemies":"2 Fungi Beasts","floor":13,"turns":3},{"damage":14,"enemies":"Slime Boss","floor":16,"turns":7},{"damage":2,"enemies":"Chosen","floor":18,"turns":4},{"damage":24,"enemies":"2 Thieves","floor":20,"turns":4},{"damage":18,"enemies":"Book of Stabbing","floor":24,"turns":5},{"damage":0,"enemies":"Gremlin Leader","floor":30,"turns":4},{"damage":7,"enemies":"Shelled Parasite and Fungi","floor":31,"turns":4},{"damage":8,"enemies":"Automaton","floor":33,"turns":6},{"damage":19,"enemies":"Orb Walker","floor":35,"turns":3},{"damage":0,"enemies":"3 Darklings","floor":37,"turns":1},{"damage":21,"enemies":"2 Orb Walkers","floor":39,"turns":4},{"damage":0,"enemies":"Reptomancer","floor":41,"turns":3},{"damage":0,"enemies":"Writhing Mass","floor":42,"turns":5},{"damage":0,"enemies":"Giant Head","floor":45,"turns":2},{"damage":0,"enemies":"Maw","floor":46,"turns":4},{"damage":0,"enemies":"Nemesis","floor":47,"turns":5},{"damage":0,"enemies":"Mind Bloom Boss Battle","floor":48,"turns":5},{"damage":13,"enemies":"Time Eater","floor":50,"turns":13},{"damage":8,"enemies":"Donu and Deca","floor":51,"turns":7},{"damage":0,"enemies":"Shield and Spear","floor":55,"turns":7},{"damage":6,"enemies":"The Heart","floor":56,"turns":8}],"seed_played":"-791273246040908624","potions_obtained":[{"floor":1,"key":"PowerPotion"},{"floor":10,"key":"Ancient Potion"},{"floor":16,"key":"PowerPotion"}],"is_trial":false,"path_per_floor":["M","?","M","M","$","R","E","R","T","E","M","R","M","T","R","B",null,"M","?","M","?","?","R","E","R","T","T","$","?","E","M","R","B",null,"M","$","M","?","?","R","E","M","T","R","E","M","E","?","R","B","B",null,"R","$","E","B",null],"character_chosen":"DEFECT","items_purchased":["DataDisk","Self Repair","Master of Strategy+1","Fission+1","Static Discharge","Biased Cognition"],"campfire_rested":4,"item_purchase_floors":[5,5,36,54,54,54],"current_hp_per_floor":[54,47,35,30,30,30,12,33,33,28,29,29,35,35,56,49,66,71,71,54,33,33,54,43,64,64,64,64,64,71,71,71,71,71,52,52,52,52,53,53,63,67,67,67,67,67,67,67,67,64,66,67,67,67,67,67],"gold":34,"neow_bonus":"HUNDRED_GOLD","is_prod":false,"is_daily":false,"chose_seed":false,"campfire_upgraded":6,"win_rate":0,"timestamp":1554254365,"path_taken":["M","?","M","M","$","R","E","R","T","E","M","R","M","?","R","BOSS","M","?","M","?","?","R","E","R","T","?","$","?","E","?","R","BOSS","M","$","M","?","?","R","E","M","T","R","E","M","E","?","R","BOSS","BOSS","R","$","E","BOSS"],"build_version":"2019-03-15","purchased_purges":1,"victory":true,"max_hp_per_floor":[71,71,71,71,71,71,71,71,71,71,71,71,71,71,71,71,71,71,71,71,71,71,71,71,71,71,71,71,71,71,71,71,71,71,71,71,71,67,67,67,67,67,67,67,67,67,67,67,67,67,67,67,67,67,67,67],"card_choices":[{"not_picked":["Aggregate","Leap"],"picked":"Barrage","floor":1},{"not_picked":["Blizzard","Barrage"],"picked":"Sweeping Beam","floor":3},{"not_picked":["Leap","Conserve Battery"],"picked":"Cold Snap","floor":4},{"not_picked":["Beam Cell","Go for the Eyes"],"picked":"Biased Cognition","floor":7},{"not_picked":["Double Energy","Recycle"],"picked":"Gash","floor":10},{"not_picked":["Cold Snap","Stack+1"],"picked":"Hologram+1","floor":11},{"not_picked":["Cold Snap","Steam Power+1"],"picked":"Gash","floor":13},{"not_picked":["Buffer","Meteor Strike"],"picked":"Core Surge","floor":16},{"not_picked":["Conserve Battery+1","Cold Snap"],"picked":"Hologram+1","floor":18},{"not_picked":["Ball Lightning","Rebound"],"picked":"Hologram+1","floor":20},{"not_picked":["Barrage","Reinforced Body+1"],"picked":"Gash","floor":24},{"not_picked":["Scrape","Rebound"],"picked":"All For One","floor":30},{"not_picked":["Ball Lightning","Aggregate+1"],"picked":"Hologram+1","floor":31},{"not_picked":["Force Field+1","Redo+1"],"picked":"Defragment","floor":35},{"not_picked":["Hologram+1","Stack+1"],"picked":"Glacier+1","floor":37},{"not_picked":["Glacier+1","Conserve Battery+1"],"picked":"Hologram+1","floor":41},{"not_picked":["Steam+1","Double Energy+1"],"picked":"Go for the Eyes+1","floor":42},{"not_picked":["Barrage","Amplify+1"],"picked":"Hologram+1","floor":45},{"not_picked":["Darkness+1","Lockon","Sweeping Beam+1"],"picked":"SKIP","floor":46},{"not_picked":["Barrage","Redo+1"],"picked":"Compile Driver","floor":47},{"not_picked":["FTL","Go for the Eyes"],"picked":"Coolheaded+1","floor":48},{"not_picked":["Scrape","Tempest+1"],"picked":"Reinforced Body+1","floor":55}],"player_experience":5418736,"relics_obtained":[{"floor":7,"key":"Gremlin Horn"},{"floor":9,"key":"Mercury Hourglass"},{"floor":10,"key":"Toxic Egg 2"},{"floor":14,"key":"Sundial"},{"floor":21,"key":"Enchiridion"},{"floor":24,"key":"Happy Flower"},{"floor":26,"key":"Meat on the Bone"},{"floor":27,"key":"The Courier"},{"floor":30,"key":"Mummified Hand"},{"floor":39,"key":"Thread and Needle"},{"floor":41,"key":"Juzu Bracelet"},{"floor":45,"key":"Oddly Smooth Stone"},{"floor":47,"key":"Regal Pillow"},{"floor":48,"key":"Calipers"},{"floor":55,"key":"Ornamental Fan"}],"event_choices":[{"cards_removed":["Strike_B"],"damage_healed":0,"gold_gain":0,"player_choice":"Card Removal","damage_taken":7,"max_hp_gain":0,"max_hp_loss":0,"event_name":"Golden Wing","floor":2,"gold_loss":0},{"damage_healed":0,"gold_gain":0,"player_choice":"Obtained Relic","damage_taken":0,"relics_obtained":["Ginger"],"max_hp_gain":0,"max_hp_loss":0,"event_name":"Addict","floor":19,"gold_loss":85},{"damage_healed":0,"gold_gain":0,"player_choice":"Obtained Book","damage_taken":21,"max_hp_gain":0,"max_hp_loss":0,"event_name":"Cursed Tome","floor":21,"gold_loss":0},{"damage_healed":0,"gold_gain":0,"player_choice":"Read","damage_taken":0,"max_hp_gain":0,"max_hp_loss":0,"event_name":"The Library","floor":22,"gold_loss":0,"cards_obtained":["Glacier"]},{"damage_healed":0,"gold_gain":0,"player_choice":"Got Potions","damage_taken":0,"max_hp_gain":0,"max_hp_loss":0,"event_name":"Lab","floor":29,"gold_loss":0},{"damage_healed":0,"gold_gain":0,"player_choice":"Max HP","damage_taken":0,"max_hp_gain":0,"max_hp_loss":4,"event_name":"Winding Halls","floor":38,"gold_loss":0},{"damage_healed":0,"gold_gain":0,"player_choice":"Fight","damage_taken":0,"max_hp_gain":0,"max_hp_loss":0,"event_name":"Mysterious Sphere","floor":39,"gold_loss":0},{"damage_healed":0,"gold_gain":0,"player_choice":"Fight","damage_taken":0,"max_hp_gain":0,"max_hp_loss":0,"event_name":"MindBloom","floor":48,"gold_loss":0}],"is_beta":true,"boss_relics":[{"not_picked":["Tiny House","Black Star"],"picked":"Sozu"},{"not_picked":["Nuclear Battery","White Beast Statue"],"picked":"Pandora\u0027s Box"}],"items_purged_floors":[28],"is_endless":false,"potions_floor_spawned":[1,10,16,18,24,30,31,37,41,48,55],"ascension_level":20}