{"gold_per_floor":[118,63,63,38,38,66,66,66,66,94,111,111],"floor_reached":12,"playtime":321,"items_purged":[],"score":268,"play_id":"15b5ac0c-646b-425c-9c6b-8456f10e1f78","local_time":"20190405125213","is_ascension_mode":true,"campfire_choices":[{"data":"Rip and Tear","floor":7,"key":"SMITH"}],"neow_cost":"NONE","seed_source_timestamp":64413640274436,"circlet_count":0,"master_deck":["AscendersBane","Strike_B","Strike_B","Strike_B","Strike_B","Defend_B","Defend_B","Defend_B+1","Defend_B+1","Zap+1","Dualcast","Chill","Ball Lightning","Rip and Tear+1","Recycle+1","Auto Shields+1"],"relics":["Cracked Core","NeowsBlessing","Juzu Bracelet","Strawberry","Smiling Mask","Toxic Egg 2"],"potions_floor_usage":[],"damage_taken":[{"damage":0,"enemies":"Jaw Worm","floor":1,"turns":1},{"damage":0,"enemies":"Gremlin Nob","floor":6,"turns":1},{"damage":0,"enemies":"3 Sentries","floor":10,"turns":1},{"damage":0,"enemies":"2 Louse","floor":11,"turns":2},{"damage":58,"enemies":"Gremlin Nob","floor":12,"turns":4}],"seed_played":"7946721874589623847","potions_obtained":[],"is_trial":false,"path_per_floor":["M","$","?","$","?","E","R","?","T","E","M","E"],"character_chosen":"DEFECT","items_purchased":["Ball Lightning","Coolheaded"],"campfire_rested":0,"item_purchase_floors":[2,4],"current_hp_per_floor":[64,64,64,64,64,71,71,48,48,48,48,0],"gold":111,"neow_bonus":"THREE_ENEMY_KILL","is_prod":false,"is_daily":false,"chose_seed":false,"campfire_upgraded":1,"win_rate":0,"timestamp":1554493933,"path_taken":["M","$","?","$","?","E","R","?","T","E","M","E"],"build_version":"2019-04-04","purchased_purges":0,"victory":false,"max_hp_per_floor":[71,71,71,71,71,78,78,78,78,78,78,78],"card_choices":[{"not_picked":["Streamline","Blizzard"],"picked":"Chill","floor":1},{"not_picked":["Conserve Battery","Force Field"],"picked":"Rip and Tear","floor":6},{"not_picked":["Rip and Tear","Turbo"],"picked":"Recycle","floor":10},{"not_picked":["Aggregate+1","Barrage"],"picked":"Auto Shields+1","floor":11}],"player_experience":5445612,"relics_obtained":[{"floor":6,"key":"Strawberry"},{"floor":9,"key":"Smiling Mask"},{"floor":10,"key":"Toxic Egg 2"}],"event_choices":[{"damage_healed":0,"gold_gain":0,"player_choice":"Grow","damage_taken":0,"max_hp_gain":0,"max_hp_loss":0,"event_name":"Living Wall","floor":3,"gold_loss":0,"cards_upgraded":["Zap"]},{"cards_removed":["Coolheaded"],"damage_healed":0,"gold_gain":0,"player_choice":"Gave Card","damage_taken":0,"relics_obtained":["Juzu Bracelet"],"max_hp_gain":0,"max_hp_loss":0,"event_name":"WeMeetAgain","floor":5,"gold_loss":0},{"damage_healed":0,"gold_gain":0,"player_choice":"Entered Light","damage_taken":23,"max_hp_gain":0,"max_hp_loss":0,"event_name":"Shining Light","floor":8,"gold_loss":0,"cards_upgraded":["Defend_B","Defend_B"]}],"is_beta":true,"boss_relics":[],"items_purged_floors":[],"is_endless":false,"potions_floor_spawned":[],"killed_by":"Gremlin Nob","ascension_level":20}