{"gold_per_floor":[109,109,128,148,1,1,16,51,51,76,76,89,106,141,141,141],"floor_reached":16,"playtime":999,"items_purged":[],"score":244,"play_id":"8f34f85d-5144-4829-8d8d-c7a6ce69bfbb","local_time":"20190404140309","is_ascension_mode":true,"campfire_choices":[{"data":"Bash","floor":6,"key":"SMITH"},{"floor":11,"key":"REST"},{"data":"Anger","floor":15,"key":"SMITH"}],"neow_cost":"NONE","seed_source_timestamp":51134376403247,"circlet_count":0,"master_deck":["AscendersBane","Strike_R","Strike_R","Strike_R","Strike_R","Defend_R","Defend_R","Defend_R","Defend_R","Bash+1","Thunderclap","Sword Boomerang","Shrug It Off","Metallicize","Pommel Strike","Iron Wave","Impervious","Anger+1","Impervious"],"relics":["Burning Blood","Strawberry","Pear","Question Card","Sundial","Bag of Marbles"],"potions_floor_usage":[7,8,10,16,16],"damage_taken":[{"damage":23,"enemies":"Jaw Worm","floor":1,"turns":7},{"damage":2,"enemies":"Cultist","floor":3,"turns":4},{"damage":0,"enemies":"Small Slimes","floor":4,"turns":4},{"damage":0,"enemies":"3 Louse","floor":7,"turns":1},{"damage":27,"enemies":"3 Sentries","floor":8,"turns":11},{"damage":38,"enemies":"Gremlin Nob","floor":10,"turns":5},{"damage":0,"enemies":"Exordium Wildlife","floor":12,"turns":4},{"damage":6,"enemies":"Looter","floor":13,"turns":4},{"damage":20,"enemies":"3 Sentries","floor":14,"turns":11},{"damage":60,"enemies":"Slime Boss","floor":16,"turns":8}],"seed_played":"9011463296340908783","potions_obtained":[{"floor":7,"key":"Block Potion"},{"floor":10,"key":"Ancient Potion"},{"floor":12,"key":"Weak Potion"},{"floor":13,"key":"Weak Potion"}],"is_trial":false,"path_per_floor":["M","?","M","M","$","R","M","E","T","E","R","M","M","E","R","B"],"character_chosen":"IRONCLAD","items_purchased":["Metallicize","SteroidPotion","Explosive Potion"],"campfire_rested":1,"item_purchase_floors":[5,5,5],"current_hp_per_floor":[58,58,62,68,68,68,74,63,63,31,58,64,64,50,50,0],"gold":141,"neow_bonus":"RANDOM_COMMON_RELIC","is_prod":false,"is_daily":false,"chose_seed":false,"campfire_upgraded":2,"win_rate":0,"timestamp":1554411789,"path_taken":["M","?","M","M","?","R","M","E","T","E","R","M","M","E","R","BOSS"],"build_version":"2019-03-15","purchased_purges":0,"victory":false,"max_hp_per_floor":[82,82,82,82,82,82,82,92,92,92,92,92,92,92,92,92],"card_choices":[{"not_picked":["True Grit","Intimidate"],"picked":"Thunderclap","floor":1},{"not_picked":["Iron Wave","Entrench"],"picked":"Sword Boomerang","floor":3},{"not_picked":["Corruption","Warcry"],"picked":"Shrug It Off","floor":4},{"not_picked":["Clash","Sword Boomerang","Body Slam"],"picked":"SKIP","floor":7},{"not_picked":["Heavy Blade","Armaments"],"picked":"Pommel Strike","floor":8},{"not_picked":["Flex","Clash","Intimidate"],"picked":"Iron Wave","floor":10},{"not_picked":["Pommel Strike","Warcry","Carnage"],"picked":"Impervious","floor":12},{"not_picked":["Armaments","Warcry","Uppercut"],"picked":"Anger","floor":13},{"not_picked":["Sword Boomerang","Armaments","Clash"],"picked":"Impervious","floor":14}],"player_experience":5434316,"relics_obtained":[{"floor":8,"key":"Pear"},{"floor":9,"key":"Question Card"},{"floor":10,"key":"Sundial"},{"floor":14,"key":"Bag of Marbles"}],"event_choices":[{"cards_removed":["Strike_R"],"damage_healed":0,"gold_gain":0,"player_choice":"Purged","damage_taken":0,"max_hp_gain":0,"max_hp_loss":0,"event_name":"Purifier","floor":2,"gold_loss":0}],"is_beta":true,"boss_relics":[],"items_purged_floors":[],"is_endless":false,"potions_floor_spawned":[7,10,12,13],"killed_by":"Slime Boss","ascension_level":20}