{"gold_per_floor":[111,111,127,7,17,17,50,50,50,68,81,81,116,135,135,206,206,225,92,110,127,46,46,78,78,78,128,128,128,161,171,171,248,298,318,139,1138,1138,1157,1157,1182,216,216,216,249,262,293,293,293,293,293,293,293,57,91,91],"floor_reached":57,"playtime":4862,"items_purged":["Strike_G","Strike_G","Normality","Normality"],"score":2797,"play_id":"85dac96c-6f7d-4d56-a747-e7247e32354a","local_time":"20190407181916","is_ascension_mode":true,"campfire_choices":[{"data":"Footwork","floor":6,"key":"SMITH"},{"data":"Crippling Poison","floor":8,"key":"SMITH"},{"data":"Neutralize","floor":12,"key":"SMITH"},{"data":"Predator","floor":15,"key":"SMITH"},{"floor":23,"key":"REST"},{"floor":29,"key":"REST"},{"floor":32,"key":"REST"},{"floor":44,"key":"RECALL"},{"floor":49,"key":"REST"},{"floor":53,"key":"REST"}],"neow_cost":"NONE","seed_source_timestamp":252234099500548,"circlet_count":0,"master_deck":["AscendersBane","Defend_G","Defend_G","Defend_G","Defend_G+1","Defend_G","Survivor","Neutralize+1","Dagger Spray+1","Poisoned Stab","Footwork+1","Backstab+1","Infinite Blades","Crippling Poison+1","Dodge and Roll","Cloak And Dagger","Predator+1","Calculated Gamble","Envenom","Backflip","Backflip","Blur","Noxious Fumes","PiercingWail","Venomology","Caltrops","Deflect+1","Night Terror","Acrobatics","Cloak And Dagger","Infinite Blades","Poisoned Stab+1","Dark Shackles","Apotheosis","Finesse","Well Laid Plans","Secret Technique","Bouncing Flask","Parasite","Cloak And Dagger"],"relics":["Ring of the Snake","Boot","FossilizedHelix","Snake Skull","Fusion Hammer","Tingsha","Kunai","Art of War","Letter Opener","Tiny House","Unceasing Top","Lee\u0027s Waffle","Turnip","Torii","Bottled Lightning","Mango","Whetstone"],"potions_floor_usage":[16,18,30,39,41,47,50,50,55,56,56,56],"damage_taken":[{"damage":1,"enemies":"Small Slimes","floor":1,"turns":5},{"damage":0,"enemies":"Cultist","floor":3,"turns":4},{"damage":7,"enemies":"Jaw Worm","floor":5,"turns":4},{"damage":18,"enemies":"Lagavulin","floor":7,"turns":8},{"damage":0,"enemies":"2 Fungi Beasts","floor":10,"turns":3},{"damage":0,"enemies":"Looter","floor":11,"turns":4},{"damage":2,"enemies":"3 Sentries","floor":13,"turns":8},{"damage":0,"enemies":"Exordium Thugs","floor":14,"turns":4},{"damage":24,"enemies":"Slime Boss","floor":16,"turns":10},{"damage":0,"enemies":"3 Byrds","floor":18,"turns":4},{"damage":0,"enemies":"Chosen","floor":20,"turns":4},{"damage":12,"enemies":"Snake Plant","floor":21,"turns":4},{"damage":18,"enemies":"Slavers","floor":24,"turns":5},{"damage":13,"enemies":"Book of Stabbing","floor":30,"turns":5},{"damage":6,"enemies":"Chosen and Byrds","floor":31,"turns":5},{"damage":16,"enemies":"Collector","floor":33,"turns":7},{"damage":2,"enemies":"Orb Walker","floor":35,"turns":4},{"damage":4,"enemies":"3 Shapes","floor":39,"turns":7},{"damage":11,"enemies":"Reptomancer","floor":41,"turns":8},{"damage":44,"enemies":"Giant Head","floor":45,"turns":10},{"damage":0,"enemies":"Writhing Mass","floor":46,"turns":7},{"damage":0,"enemies":"Nemesis","floor":47,"turns":7},{"damage":20,"enemies":"Awakened One","floor":50,"turns":20},{"damage":43,"enemies":"Time Eater","floor":51,"turns":16},{"damage":35,"enemies":"Shield and Spear","floor":55,"turns":11},{"damage":44,"enemies":"The Heart","floor":56,"turns":11}],"seed_played":"-2079034713823531982","potions_obtained":[{"floor":5,"key":"SpeedPotion"},{"floor":10,"key":"SpeedPotion"},{"floor":11,"key":"Block Potion"},{"floor":16,"key":"LiquidBronze"},{"floor":18,"key":"GhostInAJar"},{"floor":45,"key":"Energy Potion"},{"floor":46,"key":"Regen Potion"}],"is_trial":false,"path_per_floor":["M","?","M","$","M","R","E","R","T","M","M","R","E","M","R","B",null,"M","$","M","M","$","R","E","?","T","?","T","R","E","M","R","B",null,"M","$","?","?","M","?","E","$","T","R","E","M","E","?","R","B","B",null,"R","$","E","B",null],"character_chosen":"THE_SILENT","items_purchased":["Footwork","Backstab","Backflip","Noxious Fumes","Infinite Blades","Lee\u0027s Waffle","Well Laid Plans","Turnip","Secret Technique","GhostInAJar"],"campfire_rested":5,"item_purchase_floors":[4,4,19,22,36,42,42,42,42,54],"current_hp_per_floor":[58,58,58,58,51,51,33,33,33,33,33,33,31,31,31,7,51,51,51,51,39,39,58,40,40,40,40,40,59,46,40,59,43,65,63,63,63,63,59,49,38,78,78,78,34,34,63,63,90,70,27,76,92,92,57,13],"gold":91,"neow_bonus":"RANDOM_COMMON_RELIC","is_prod":false,"is_daily":false,"chose_seed":false,"campfire_upgraded":4,"win_rate":0,"timestamp":1554686356,"path_taken":["M","?","M","$","?","R","E","R","T","M","M","R","E","M","R","BOSS","M","$","M","M","?","R","E","?","T","?","?","R","E","?","R","BOSS","M","$","?","?","M","?","E","$","T","R","E","M","E","?","R","BOSS","BOSS","R","$","E","BOSS"],"build_version":"2019-04-04","purchased_purges":4,"victory":true,"max_hp_per_floor":[66,66,66,66,66,66,66,66,66,66,66,66,66,66,66,66,66,66,66,66,66,66,66,66,66,66,66,66,66,66,66,66,66,71,71,71,71,71,71,71,71,78,78,78,78,78,92,92,92,92,92,92,92,92,92,92],"card_choices":[{"not_picked":["Dagger Throw","Calculated Gamble"],"picked":"Dagger Spray","floor":1},{"not_picked":["Outmaneuver","Deadly Poison"],"picked":"Poisoned Stab","floor":3},{"not_picked":["Endless Agony","Terror"],"picked":"Infinite Blades","floor":5},{"not_picked":["Terror","Underhanded Strike"],"picked":"Crippling Poison","floor":7},{"not_picked":["Bane","Flying Knee"],"picked":"Dodge and Roll","floor":10},{"not_picked":["Bane","Slice"],"picked":"Cloak And Dagger","floor":11},{"not_picked":["Skewer","Accuracy"],"picked":"Predator","floor":13},{"not_picked":["Dagger Throw","Bane"],"picked":"Calculated Gamble","floor":14},{"not_picked":["Storm of Steel","Tools of the Trade"],"picked":"Envenom","floor":16},{"not_picked":["Accuracy","Distraction"],"picked":"Backflip","floor":18},{"not_picked":["Blade Dance","Bane","Deflect"],"picked":"SKIP","floor":20},{"not_picked":["Quick Slash","Skewer"],"picked":"Blur","floor":21},{"not_picked":["Quick Slash+1","Dodge and Roll"],"picked":"PiercingWail","floor":24},{"not_picked":["Accuracy+1","Bouncing Flask","Caltrops"],"picked":"SKIP","floor":30},{"not_picked":["Slice+1","Concentrate"],"picked":"Deflect+1","floor":31},{"not_picked":["Doppelganger","Bullet Time"],"picked":"Night Terror","floor":33},{"not_picked":["Underhanded Strike","Deadly Poison"],"picked":"Acrobatics","floor":34},{"not_picked":["Eviscerate","Calculated Gamble"],"picked":"Cloak And Dagger","floor":35},{"not_picked":["Outmaneuver+1","Calculated Gamble"],"picked":"Poisoned Stab+1","floor":39},{"not_picked":["Sadistic Nature","Enlightenment"],"picked":"Dark Shackles","floor":40},{"not_picked":["Dark Shackles","Mayhem"],"picked":"Apotheosis","floor":40},{"not_picked":["Secret Technique","Purity"],"picked":"Finesse","floor":40},{"not_picked":["Predator+1","Finisher","Reflex"],"picked":"SKIP","floor":41},{"not_picked":["Deflect+1","Flying Knee"],"picked":"Bouncing Flask","floor":45},{"not_picked":["Eviscerate","Predator","Bane"],"picked":"SKIP","floor":46},{"not_picked":["Flying Knee+1","Distraction"],"picked":"Cloak And Dagger","floor":47},{"not_picked":["Setup+1","Bane","Endless Agony"],"picked":"SKIP","floor":55}],"player_experience":5488491,"relics_obtained":[{"floor":7,"key":"FossilizedHelix"},{"floor":13,"key":"Snake Skull"},{"floor":24,"key":"Tingsha"},{"floor":26,"key":"Kunai"},{"floor":28,"key":"Art of War"},{"floor":30,"key":"Letter Opener"},{"floor":41,"key":"Unceasing Top"},{"floor":43,"key":"Torii"},{"floor":45,"key":"Bottled Lightning"},{"floor":47,"key":"Mango"},{"floor":55,"key":"Whetstone"}],"event_choices":[{"cards_removed":["Strike_G"],"damage_healed":0,"gold_gain":0,"player_choice":"Purged","damage_taken":0,"max_hp_gain":0,"max_hp_loss":0,"event_name":"Purifier","floor":2,"gold_loss":0},{"damage_healed":0,"gold_gain":0,"cards_transformed":["Strike_G","Strike_G"],"player_choice":"Became Test Subject","damage_taken":0,"max_hp_gain":0,"max_hp_loss":0,"event_name":"Drug Dealer","floor":25,"gold_loss":0,"cards_obtained":["Venomology","Caltrops"]},{"damage_healed":0,"gold_gain":50,"player_choice":"Stole From Cult","damage_taken":0,"max_hp_gain":0,"max_hp_loss":0,"event_name":"Nest","floor":27,"gold_loss":0},{"damage_healed":0,"gold_gain":999,"player_choice":"Gold","damage_taken":0,"max_hp_gain":0,"max_hp_loss":0,"event_name":"MindBloom","floor":37,"gold_loss":0,"cards_obtained":["Normality","Normality"]},{"damage_healed":0,"gold_gain":0,"player_choice":"Ignored","damage_taken":0,"max_hp_gain":0,"max_hp_loss":0,"event_name":"Tomb of Lord Red Mask","floor":38,"gold_loss":0},{"damage_healed":0,"gold_gain":0,"player_choice":"Memory 3","damage_taken":10,"max_hp_gain":0,"max_hp_loss":0,"event_name":"SensoryStone","floor":40,"gold_loss":0},{"damage_healed":0,"gold_gain":0,"player_choice":"Got Potions","damage_taken":0,"max_hp_gain":0,"max_hp_loss":0,"event_name":"Lab","floor":48,"gold_loss":0}],"is_beta":true,"boss_relics":[{"not_picked":["Philosopher\u0027s Stone","Ectoplasm"],"picked":"Fusion Hammer"},{"not_picked":["HoveringKite","Pandora\u0027s Box"],"picked":"Tiny House"}],"items_purged_floors":[19,36,42,54],"is_endless":false,"potions_floor_spawned":[5,10,11,16,18,21,24,41,45,46],"ascension_level":20}