{"gold_per_floor":[362,374,374,339,45,80,80,111,158,192,192,207,207,11,11,88,88,107,23,23,41,57,91,111,138,163,163,192,67,94,104,104,177,177,187,241,78,88,99,128,128,128,173,193,223,223,248,261,261,261,261,261,261,6,40,40],"floor_reached":57,"playtime":4249,"items_purged":["Writhe","Pain","Strike_R"],"score":3097,"play_id":"d4d41dbc-89f5-44a9-9f8e-c5f96411f301","local_time":"20190401161622","is_ascension_mode":true,"campfire_choices":[{"floor":7,"key":"REST"},{"data":"Bash","floor":11,"key":"SMITH"},{"data":"Clothesline","floor":15,"key":"SMITH"},{"data":"Immolate","floor":27,"key":"SMITH"},{"data":"True Grit","floor":32,"key":"SMITH"},{"data":"Juggernaut","floor":42,"key":"SMITH"},{"floor":46,"key":"RECALL"},{"data":"Disarm","floor":49,"key":"SMITH"},{"data":"Feel No Pain","floor":53,"key":"SMITH"}],"neow_cost":"CURSE","seed_source_timestamp":35779399765343,"circlet_count":0,"master_deck":["AscendersBane","Strike_R","Strike_R+1","Strike_R","Strike_R","Defend_R","Defend_R","Defend_R","Defend_R","Bash+1","Combust+1","Flame Barrier","Carnage","Thunderclap","Clothesline+1","Armaments","Shrug It Off","Corruption","Power Through+1","Rampage","True Grit+1","Immolate+1","Dark Embrace","Battle Trance","Disarm+1","Feel No Pain+1","Juggernaut+1","Spot Weakness","Feed","Shrug It Off+1","Dual Wield","Entrench","Feel No Pain","Shrug It Off","Armaments"],"relics":["Burning Blood","Sling","Regal Pillow","Letter Opener","Oddly Smooth Stone","Mercury Hourglass","WarpedTongs","Sozu","Bag of Marbles","Bottled Lightning","Happy Flower","Nunchaku","Boot","Snecko Eye","Thread and Needle","Bronze Scales","StoneCalendar","Juzu Bracelet","Centennial Puzzle","Blood Vial"],"potions_floor_usage":[8,8,56,56],"damage_taken":[{"damage":16,"enemies":"Jaw Worm","floor":1,"turns":4},{"damage":0,"enemies":"2 Louse","floor":2,"turns":3},{"damage":28,"enemies":"Lagavulin","floor":6,"turns":7},{"damage":8,"enemies":"3 Sentries","floor":8,"turns":6},{"damage":21,"enemies":"Lagavulin","floor":10,"turns":7},{"damage":0,"enemies":"Cultist","floor":12,"turns":2},{"damage":24,"enemies":"Hexaghost","floor":16,"turns":9},{"damage":12,"enemies":"3 Byrds","floor":18,"turns":4},{"damage":18,"enemies":"Spheric Guardian","floor":21,"turns":4},{"damage":6,"enemies":"3 Cultists","floor":22,"turns":4},{"damage":42,"enemies":"Slavers","floor":23,"turns":5},{"damage":17,"enemies":"Centurion and Healer","floor":24,"turns":11},{"damage":2,"enemies":"Gremlin Leader","floor":25,"turns":6},{"damage":14,"enemies":"Slavers","floor":28,"turns":4},{"damage":21,"enemies":"Book of Stabbing","floor":30,"turns":4},{"damage":25,"enemies":"Sentry and Sphere","floor":31,"turns":5},{"damage":17,"enemies":"Champ","floor":33,"turns":16},{"damage":0,"enemies":"3 Shapes","floor":35,"turns":1},{"damage":9,"enemies":"2 Orb Walkers","floor":36,"turns":4},{"damage":0,"enemies":"3 Darklings","floor":38,"turns":3},{"damage":4,"enemies":"Maw","floor":39,"turns":5},{"damage":0,"enemies":"Reptomancer","floor":40,"turns":4},{"damage":5,"enemies":"Transient","floor":44,"turns":6},{"damage":0,"enemies":"Nemesis","floor":45,"turns":5},{"damage":10,"enemies":"Reptomancer","floor":47,"turns":4},{"damage":4,"enemies":"Writhing Mass","floor":48,"turns":3},{"damage":14,"enemies":"Time Eater","floor":50,"turns":8},{"damage":5,"enemies":"Donu and Deca","floor":51,"turns":5},{"damage":14,"enemies":"Shield and Spear","floor":55,"turns":4},{"damage":42,"enemies":"The Heart","floor":56,"turns":8}],"seed_played":"-8927483779599982787","potions_obtained":[{"floor":2,"key":"Explosive Potion"},{"floor":6,"key":"EssenceOfSteel"},{"floor":8,"key":"Weak Potion"},{"floor":12,"key":"GamblersBrew"}],"is_trial":false,"path_per_floor":["M","M","?","?","$","E","R","E","T","E","R","M","?","$","R","B",null,"M","$","?","M","M","E","M","E","T","R","E","$","E","M","R","B",null,"M","?","$","M","M","E","?","R","T","M","E","R","E","M","R","B","B",null,"R","$","E","B",null],"character_chosen":"IRONCLAD","items_purchased":["Sling","Shrug It Off","Corruption","Rampage","Feed","Centennial Puzzle","Shrug It Off","Armaments"],"campfire_rested":1,"item_purchase_floors":[5,14,14,19,37,54,54,54],"current_hp_per_floor":[58,64,41,59,59,37,74,72,72,57,57,63,63,63,63,45,68,68,68,68,56,61,39,38,69,69,69,66,66,51,39,39,34,65,75,72,72,78,81,85,85,85,85,85,85,85,85,87,87,79,84,91,91,91,87,53],"gold":40,"neow_bonus":"TWO_FIFTY_GOLD","is_prod":false,"is_daily":false,"chose_seed":false,"campfire_upgraded":7,"win_rate":0,"timestamp":1554160582,"path_taken":["M","M","?","?","$","E","R","E","T","E","R","M","?","$","R","BOSS","M","?","?","M","M","E","M","E","T","R","E","?","E","?","R","BOSS","M","?","$","M","M","E","?","R","T","M","E","R","E","M","R","BOSS","BOSS","R","$","E","BOSS"],"build_version":"2019-03-15","purchased_purges":3,"victory":true,"max_hp_per_floor":[75,75,75,75,75,75,75,75,75,75,75,75,75,75,75,75,75,75,75,75,75,75,75,75,75,75,75,75,75,75,75,75,75,75,75,75,75,78,81,85,85,85,85,85,85,85,89,89,89,89,93,93,93,93,97,97],"card_choices":[{"not_picked":["Searing Blow","Havoc"],"picked":"Combust","floor":1},{"not_picked":["Flex","Thunderclap"],"picked":"Flame Barrier","floor":2},{"not_picked":["Iron Wave","Feel No Pain"],"picked":"Carnage","floor":6},{"not_picked":["Second Wind","Dropkick"],"picked":"Thunderclap","floor":8},{"not_picked":["Sever Soul","Berserk"],"picked":"Clothesline","floor":10},{"not_picked":["Blood for Blood","Twin Strike"],"picked":"Armaments","floor":12},{"not_picked":["Brutality","Demon Form"],"picked":"Reaper","floor":16},{"not_picked":["Headbutt","Thunderclap+1"],"picked":"Power Through+1","floor":18},{"not_picked":["Ghostly Armor","Clash","Iron Wave"],"picked":"SKIP","floor":21},{"not_picked":["Blood for Blood","Sword Boomerang","Hemokinesis+1"],"picked":"SKIP","floor":22},{"not_picked":["Whirlwind","Reckless Charge"],"picked":"True Grit","floor":23},{"not_picked":["Sword Boomerang","Heavy Blade"],"picked":"Immolate","floor":24},{"not_picked":["Searing Blow","Carnage"],"picked":"Dark Embrace","floor":25},{"not_picked":["Headbutt","Body Slam"],"picked":"Battle Trance","floor":28},{"not_picked":["Juggernaut","Shockwave"],"picked":"Disarm","floor":30},{"not_picked":["Wild Strike","Metallicize"],"picked":"Feel No Pain","floor":31},{"not_picked":["Impervious","Feed"],"picked":"Juggernaut","floor":33},{"not_picked":["Intimidate","Pommel Strike+1"],"picked":"Spot Weakness","floor":35},{"not_picked":["Flex+1","Iron Wave","Twin Strike+1"],"picked":"SKIP","floor":38},{"not_picked":["Body Slam+1","Havoc","Headbutt+1"],"picked":"SKIP","floor":39},{"not_picked":["Cleave","Offering"],"picked":"Shrug It Off+1","floor":40},{"not_picked":["Infernal Blade","Flex"],"picked":"Dual Wield","floor":44},{"not_picked":["Pummel+1","Carnage"],"picked":"Entrench","floor":45},{"not_picked":["Blood for Blood+1","Perfected Strike","Cleave"],"picked":"SKIP","floor":47},{"not_picked":["Shrug It Off","True Grit"],"picked":"Feel No Pain","floor":48},{"not_picked":["Headbutt+1","Cleave","Combust"],"picked":"SKIP","floor":55}],"player_experience":5410591,"relics_obtained":[{"floor":6,"key":"Regal Pillow"},{"floor":8,"key":"Letter Opener"},{"floor":9,"key":"Oddly Smooth Stone"},{"floor":10,"key":"Mercury Hourglass"},{"floor":23,"key":"Bag of Marbles"},{"floor":25,"key":"Bottled Lightning"},{"floor":26,"key":"Happy Flower"},{"floor":28,"key":"Nunchaku"},{"floor":30,"key":"Boot"},{"floor":36,"key":"Thread and Needle"},{"floor":40,"key":"Bronze Scales"},{"floor":45,"key":"StoneCalendar"},{"floor":47,"key":"Juzu Bracelet"},{"floor":55,"key":"Blood Vial"}],"event_choices":[{"damage_healed":0,"gold_gain":0,"player_choice":"Entered Light","damage_taken":23,"max_hp_gain":0,"max_hp_loss":0,"event_name":"Shining Light","floor":3,"gold_loss":0,"cards_upgraded":["Strike_R","Combust"]},{"damage_healed":18,"gold_gain":0,"player_choice":"Healed","damage_taken":0,"max_hp_gain":0,"max_hp_loss":0,"event_name":"The Cleric","floor":4,"gold_loss":35},{"damage_healed":0,"gold_gain":0,"player_choice":"Rummage","damage_taken":0,"relics_obtained":["WarpedTongs"],"max_hp_gain":0,"max_hp_loss":0,"event_name":"Accursed Blacksmith","floor":13,"gold_loss":0,"cards_obtained":["Pain"]},{"damage_healed":0,"gold_gain":0,"player_choice":"Ignored","damage_taken":0,"max_hp_gain":0,"max_hp_loss":0,"event_name":"Ghosts","floor":20,"gold_loss":0},{"damage_healed":0,"gold_gain":0,"player_choice":"Fight","damage_taken":0,"max_hp_gain":0,"max_hp_loss":0,"event_name":"Mysterious Sphere","floor":36,"gold_loss":0},{"cards_removed":["Reaper"],"damage_healed":0,"gold_gain":0,"player_choice":"Removed Attack","damage_taken":0,"max_hp_gain":0,"max_hp_loss":0,"event_name":"Falling","floor":41,"gold_loss":0}],"is_beta":true,"boss_relics":[{"not_picked":["Tiny House","Orrery"],"picked":"Sozu"},{"not_picked":["Eternal Feather","Pandora\u0027s Box"],"picked":"Snecko Eye"}],"items_purged_floors":[5,14,29],"is_endless":false,"potions_floor_spawned":[2,6,8,12,21,23,25,31,35,40,44,47,48],"ascension_level":20}