{"gold_per_floor":[109,122,136,59,79,79,113,113,138,164,164,164,36,64,64,141,141,161,76,176,192,192,192,208,208,208,208,239,250,263,80,80,151,151,169,80,93,93,110,110,128,128,128,145,145,180,180,180,180,180,180,180,180,15,15],"floor_reached":55,"playtime":5785,"items_purged":["Strike_G","Strike_G"],"score":1791,"play_id":"c9a841a5-8db8-4338-b13d-1790575d39f6","local_time":"20190401131502","is_ascension_mode":true,"campfire_choices":[{"data":"Predator","floor":6,"key":"SMITH"},{"data":"Skewer","floor":8,"key":"SMITH"},{"data":"Footwork","floor":11,"key":"SMITH"},{"data":"Well Laid Plans","floor":15,"key":"SMITH"},{"floor":23,"key":"REST"},{"data":"Deadly Poison","floor":25,"key":"SMITH"},{"floor":27,"key":"REST"},{"floor":32,"key":"REST"},{"floor":40,"key":"REST"},{"data":"Catalyst","floor":42,"key":"SMITH"},{"data":"Footwork","floor":45,"key":"SMITH"},{"floor":47,"key":"RECALL"},{"data":"Bouncing Flask","floor":49,"key":"SMITH"},{"floor":53,"key":"REST"}],"neow_cost":"NONE","seed_source_timestamp":23398219932489,"circlet_count":0,"master_deck":["AscendersBane","Defend_G","Defend_G","Defend_G","Defend_G","Defend_G","Strike_G","Strike_G","Survivor","Neutralize+1","Predator+1","Cloak And Dagger","Infinite Blades","Well Laid Plans+1","Footwork+1","Skewer+1","PiercingWail","Die Die Die","Leg Sweep","Dodge and Roll","Deadly Poison+1","Cloak And Dagger+1","Well Laid Plans+1","Prepared+1","Footwork+1","Acrobatics","Adrenaline","Escape Plan","Dodge and Roll","Catalyst+1","Prepared+1","Deadly Poison","Deadly Poison","Bouncing Flask+1","Writhe"],"relics":["Ring of the Snake","Dream Catcher","Lantern","Strawberry","Ancient Tea Set","Sozu","Letter Opener","Du-Vu Doll","Darkstone Periapt","Pantograph","Nunchaku","Orrery","Juzu Bracelet","Centennial Puzzle"],"potions_floor_usage":[7,20,30],"damage_taken":[{"damage":0,"enemies":"2 Louse","floor":1,"turns":2},{"damage":4,"enemies":"Jaw Worm","floor":2,"turns":7},{"damage":0,"enemies":"Cultist","floor":3,"turns":3},{"damage":3,"enemies":"Red Slaver","floor":5,"turns":4},{"damage":6,"enemies":"3 Sentries","floor":7,"turns":7},{"damage":8,"enemies":"Lagavulin","floor":10,"turns":10},{"damage":15,"enemies":"3 Sentries","floor":14,"turns":10},{"damage":4,"enemies":"The Guardian","floor":16,"turns":13},{"damage":11,"enemies":"Shell Parasite","floor":18,"turns":5},{"damage":8,"enemies":"Colosseum Slavers","floor":20,"turns":5},{"damage":7,"enemies":"Colosseum Nobs","floor":20,"turns":4},{"damage":9,"enemies":"3 Byrds","floor":21,"turns":7},{"damage":22,"enemies":"Snake Plant","floor":24,"turns":5},{"damage":18,"enemies":"Gremlin Leader","floor":28,"turns":6},{"damage":14,"enemies":"Snecko","floor":29,"turns":4},{"damage":4,"enemies":"3 Cultists","floor":30,"turns":5},{"damage":13,"enemies":"Collector","floor":33,"turns":12},{"damage":4,"enemies":"3 Darklings","floor":35,"turns":6},{"damage":11,"enemies":"Orb Walker","floor":37,"turns":5},{"damage":12,"enemies":"Transient","floor":39,"turns":6},{"damage":0,"enemies":"Spire Growth","floor":41,"turns":5},{"damage":0,"enemies":"Writhing Mass","floor":44,"turns":8},{"damage":28,"enemies":"Reptomancer","floor":46,"turns":5},{"damage":5,"enemies":"Awakened One","floor":50,"turns":20},{"damage":63,"enemies":"Donu and Deca","floor":51,"turns":19},{"damage":80,"enemies":"Shield and Spear","floor":55,"turns":8}],"seed_played":"2214322402700639986","potions_obtained":[{"floor":2,"key":"Strength Potion"},{"floor":3,"key":"PowerPotion"},{"floor":7,"key":"SneckoOil"}],"is_trial":false,"path_per_floor":["M","M","M","$","M","R","E","R","T","E","R","?","$","E","R","B",null,"M","?","?","M","?","R","M","R","T","R","E","M","M","$","R","B",null,"M","$","M","?","M","R","M","R","T","M","R","E","R","?","R","B","B",null,"R","$","E"],"character_chosen":"THE_SILENT","items_purchased":["Well Laid Plans","AttackPotion","Footwork","Catalyst","Centennial Puzzle"],"campfire_rested":5,"item_purchase_floors":[4,13,31,36,54],"current_hp_per_floor":[59,55,55,55,52,52,46,46,46,45,45,38,38,23,23,19,60,49,49,34,25,25,46,24,24,24,45,27,13,9,9,30,42,65,61,61,50,40,28,49,49,49,49,49,49,21,21,42,42,62,16,63,79,79,0],"gold":15,"neow_bonus":"UPGRADE_CARD","is_prod":false,"is_daily":false,"chose_seed":false,"campfire_upgraded":8,"win_rate":0,"timestamp":1554149702,"path_taken":["M","M","M","$","M","R","E","R","T","E","R","?","$","E","R","BOSS","M","?","?","M","?","R","M","R","T","R","E","?","M","?","R","BOSS","M","$","M","?","M","R","M","R","T","M","R","E","R","?","R","BOSS","BOSS","R","$","E"],"build_version":"2019-03-15","purchased_purges":2,"victory":false,"max_hp_per_floor":[66,66,66,66,66,66,66,66,66,73,73,73,73,73,73,73,73,73,73,73,73,73,73,73,73,73,73,73,73,73,73,73,73,73,73,73,73,73,73,73,73,73,73,73,73,73,73,79,79,79,79,79,79,79,79],"card_choices":[{"not_picked":["Prepared","Flying Knee"],"picked":"Predator","floor":1},{"not_picked":["Sucker Punch","Masterful Stab"],"picked":"Cloak And Dagger","floor":2},{"not_picked":["Dagger Throw","Dagger Spray"],"picked":"Infinite Blades","floor":3},{"not_picked":["Backflip","Heel Hook"],"picked":"Footwork","floor":5},{"not_picked":["Setup","Masterful Stab"],"picked":"Skewer","floor":7},{"not_picked":["Calculated Gamble","Dagger Throw"],"picked":"PiercingWail","floor":10},{"not_picked":["Storm of Steel","Finisher","Infinite Blades"],"picked":"SKIP","floor":14},{"not_picked":["Bullet Time","Burst"],"picked":"Die Die Die","floor":16},{"not_picked":["Setup+1","Eviscerate+1","Sucker Punch"],"picked":"SKIP","floor":18},{"not_picked":["Deflect","Sucker Punch"],"picked":"Leg Sweep","floor":20},{"not_picked":["Dash","Accuracy+1"],"picked":"Dodge and Roll","floor":21},{"not_picked":["Underhanded Strike","Storm of Steel"],"picked":"Deadly Poison","floor":23},{"not_picked":["Leg Sweep","Well Laid Plans"],"picked":"Cloak And Dagger+1","floor":24},{"not_picked":["Underhanded Strike","Tactician","Setup"],"picked":"SKIP","floor":28},{"not_picked":["Eviscerate","Cloak And Dagger"],"picked":"Well Laid Plans+1","floor":29},{"not_picked":["Outmaneuver","Expertise"],"picked":"Prepared+1","floor":30},{"not_picked":["Endless Agony","Leg Sweep"],"picked":"Acrobatics","floor":32},{"not_picked":["After Image","Envenom"],"picked":"Adrenaline","floor":33},{"not_picked":["Phantasmal Killer","Blade Dance+1"],"picked":"Escape Plan","floor":34},{"not_picked":["Masterful Stab","Slice"],"picked":"Dodge and Roll","floor":34},{"not_picked":["Sucker Punch","Flying Knee","Well Laid Plans"],"picked":"SKIP","floor":35},{"not_picked":["Poisoned Stab","Infinite Blades"],"picked":"Prepared+1","floor":37},{"not_picked":["Cloak And Dagger+1","Flying Knee"],"picked":"Deadly Poison","floor":39},{"not_picked":["Flying Knee+1","Dagger Throw","Skewer"],"picked":"SKIP","floor":41},{"not_picked":["Prepared+1","Skewer"],"picked":"Deadly Poison","floor":44},{"not_picked":["Poisoned Stab","Dagger Throw"],"picked":"Bouncing Flask","floor":46}],"player_experience":5398677,"relics_obtained":[{"floor":7,"key":"Dream Catcher"},{"floor":9,"key":"Lantern"},{"floor":10,"key":"Strawberry"},{"floor":14,"key":"Ancient Tea Set"},{"floor":20,"key":"Du-Vu Doll"},{"floor":20,"key":"Darkstone Periapt"},{"floor":26,"key":"Pantograph"},{"floor":28,"key":"Nunchaku"},{"floor":46,"key":"Juzu Bracelet"}],"event_choices":[{"cards_removed":["Strike_G"],"damage_healed":0,"gold_gain":0,"player_choice":"Card Removal","damage_taken":7,"max_hp_gain":0,"max_hp_loss":0,"event_name":"Golden Wing","floor":12,"gold_loss":0},{"damage_healed":0,"gold_gain":0,"player_choice":"Obtained Relic","damage_taken":0,"relics_obtained":["Letter Opener"],"max_hp_gain":0,"max_hp_loss":0,"event_name":"Addict","floor":19,"gold_loss":85},{"damage_healed":0,"gold_gain":0,"player_choice":"Fight","damage_taken":0,"max_hp_gain":0,"max_hp_loss":0,"event_name":"Colosseum","floor":20,"gold_loss":0},{"damage_healed":0,"gold_gain":0,"player_choice":"Fought Nobs","damage_taken":0,"max_hp_gain":0,"max_hp_loss":0,"event_name":"Colosseum","floor":20,"gold_loss":0},{"damage_healed":0,"gold_gain":0,"player_choice":"Got Potions","damage_taken":0,"max_hp_gain":0,"max_hp_loss":0,"event_name":"Lab","floor":22,"gold_loss":0},{"damage_healed":0,"gold_gain":0,"player_choice":"Memory 3","damage_taken":10,"max_hp_gain":0,"max_hp_loss":0,"event_name":"SensoryStone","floor":38,"gold_loss":0},{"damage_healed":15,"gold_gain":0,"player_choice":"Writhe","damage_taken":0,"max_hp_gain":0,"max_hp_loss":0,"event_name":"Winding Halls","floor":48,"gold_loss":0,"cards_obtained":["Writhe"]}],"is_beta":true,"boss_relics":[{"not_picked":["Busted Crown","Coffee Dripper"],"picked":"Sozu"},{"not_picked":["Pandora\u0027s Box","White Beast Statue"],"picked":"Orrery"}],"items_purged_floors":[13,31],"is_endless":false,"potions_floor_spawned":[2,3,7,16,24,28,29,30,35,41,46],"killed_by":"Shield and Spear","ascension_level":20}