{"gold_per_floor":[142,142,155,155,165,165,182,210,210,210,244,1,13,32,32,109,109,86,24,40,58,58,58,84,84,84,111,111,128,157,37,37,114,114,129,129,14,31,47,78,78,110,110,156,26,26,40,75,75,75,75,75,75,25,58,58],"floor_reached":57,"playtime":4772,"items_purged":["Strike_B","Defend_B","Rip and Tear"],"score":3316,"play_id":"fdb7b67f-9867-42f5-ac45-15d57c29e486","local_time":"20190404134554","is_ascension_mode":true,"campfire_choices":[{"data":"Zap","floor":6,"key":"SMITH"},{"floor":10,"key":"REST"},{"data":"Blizzard","floor":15,"key":"SMITH"},{"floor":23,"key":"REST"},{"data":"Barrage","floor":25,"key":"SMITH"},{"data":"Sweeping Beam","floor":28,"key":"SMITH"},{"data":"Seek","floor":32,"key":"SMITH"},{"floor":41,"key":"RECALL"},{"floor":46,"key":"REST"},{"floor":49,"key":"REST"},{"floor":53,"key":"REST"}],"neow_cost":"NONE","seed_source_timestamp":46261133167873,"circlet_count":0,"master_deck":["AscendersBane","Defend_B","Defend_B","Defend_B","Zap+1","Dualcast","Glacier","Blizzard+1","Glacier","Echo Form+1","Defragment+1","Doom and Gloom+1","Buffer+1","Sweeping Beam+1","Self Repair+1","Barrage+1","BootSequence","Compile Driver+1","Seek+1","Coolheaded+1","Loop+1","Creative AI+1","Coolheaded+1","Static Discharge+1","Hologram+1","Capacitor+1","Compile Driver+1"],"relics":["Cracked Core","Tiny Chest","The Courier","Frozen Egg 2","Lantern","Runic Capacitor","Velvet Choker","Dodecahedron","Mango","Ice Cream","Blue Candle","Fusion Hammer","Blood Vial","Smiling Mask","FossilizedHelix","Centennial Puzzle","PreservedInsect","Whetstone"],"potions_floor_usage":[7,16,24,30,40,44,55,55],"damage_taken":[{"damage":4,"enemies":"Jaw Worm","floor":1,"turns":5},{"damage":0,"enemies":"2 Louse","floor":3,"turns":3},{"damage":0,"enemies":"Cultist","floor":5,"turns":4},{"damage":1,"enemies":"Lots of Slimes","floor":7,"turns":4},{"damage":34,"enemies":"Gremlin Nob","floor":8,"turns":5},{"damage":16,"enemies":"Lagavulin","floor":11,"turns":10},{"damage":0,"enemies":"3 Louse","floor":13,"turns":3},{"damage":4,"enemies":"Large Slime","floor":14,"turns":6},{"damage":12,"enemies":"The Guardian","floor":16,"turns":11},{"damage":22,"enemies":"2 Thieves","floor":18,"turns":4},{"damage":17,"enemies":"3 Byrds","floor":20,"turns":7},{"damage":14,"enemies":"Snake Plant","floor":21,"turns":8},{"damage":0,"enemies":"Book of Stabbing","floor":24,"turns":7},{"damage":8,"enemies":"Gremlin Leader","floor":27,"turns":6},{"damage":14,"enemies":"Centurion and Healer","floor":29,"turns":6},{"damage":10,"enemies":"Book of Stabbing","floor":30,"turns":5},{"damage":0,"enemies":"Automaton","floor":33,"turns":7},{"damage":0,"enemies":"Orb Walker","floor":35,"turns":4},{"damage":0,"enemies":"3 Shapes","floor":38,"turns":6},{"damage":0,"enemies":"Transient","floor":39,"turns":6},{"damage":0,"enemies":"Reptomancer","floor":40,"turns":5},{"damage":0,"enemies":"Nemesis","floor":42,"turns":11},{"damage":44,"enemies":"2 Orb Walkers","floor":44,"turns":5},{"damage":0,"enemies":"Spire Growth","floor":47,"turns":7},{"damage":0,"enemies":"Giant Head","floor":48,"turns":9},{"damage":0,"enemies":"Donu and Deca","floor":50,"turns":9},{"damage":0,"enemies":"Awakened One","floor":51,"turns":12},{"damage":22,"enemies":"Shield and Spear","floor":55,"turns":8},{"damage":45,"enemies":"The Heart","floor":56,"turns":11}],"seed_played":"5285841457269987103","potions_obtained":[{"floor":1,"key":"SpeedPotion"},{"floor":3,"key":"Fire Potion"},{"floor":13,"key":"Dexterity Potion"},{"floor":20,"key":"Strength Potion"},{"floor":21,"key":"Explosive Potion"},{"floor":29,"key":"Swift Potion"},{"floor":38,"key":"Energy Potion"},{"floor":42,"key":"Poison Potion"},{"floor":47,"key":"Fire Potion"},{"floor":48,"key":"Dexterity Potion"}],"is_trial":false,"path_per_floor":["M","?","M","?","M","R","M","E","T","R","E","$","M","M","R","B",null,"M","$","M","M","?","R","E","R","T","E","R","M","E","$","R","B",null,"M","?","$","M","M","E","R","E","T","?","$","R","M","E","R","B","B",null,"R","$","E","B",null],"character_chosen":"DEFECT","items_purchased":["Defragment+1","Runic Capacitor","Self Repair+1","Loop+1","Static Discharge+1","Centennial Puzzle"],"campfire_rested":5,"item_purchase_floors":[12,12,19,31,37,45],"current_hp_per_floor":[60,53,53,53,53,53,52,18,18,39,23,23,23,19,19,7,55,33,33,36,42,42,63,71,71,85,85,85,85,85,85,85,85,85,85,81,81,81,81,81,81,81,81,37,37,61,81,81,81,81,81,81,81,81,79,46],"gold":58,"neow_bonus":"RANDOM_COMMON_RELIC","is_prod":false,"is_daily":false,"chose_seed":false,"campfire_upgraded":5,"win_rate":0,"timestamp":1554410754,"path_taken":["M","?","M","?","M","R","M","E","T","R","E","?","?","M","R","BOSS","M","?","M","M","?","R","E","R","T","E","R","M","E","$","R","BOSS","M","?","$","M","M","E","R","E","T","?","?","R","M","E","R","BOSS","BOSS","R","$","E","BOSS"],"build_version":"2019-03-15","purchased_purges":3,"victory":true,"max_hp_per_floor":[71,71,71,71,71,71,71,71,71,71,71,71,71,71,71,71,71,71,71,71,71,71,71,71,71,85,85,85,85,85,85,85,85,85,85,81,81,81,81,81,81,81,81,81,81,81,81,81,81,81,81,81,81,81,81,81],"card_choices":[{"not_picked":["Fusion","White Noise","Double Energy"],"picked":"SKIP","floor":1},{"not_picked":["Barrage","Stack"],"picked":"Glacier","floor":3},{"not_picked":["Turbo","Beam Cell"],"picked":"Blizzard","floor":5},{"not_picked":["Storm","Steam"],"picked":"Rip and Tear","floor":7},{"not_picked":["Go for the Eyes","Gash"],"picked":"Glacier","floor":8},{"not_picked":["Capacitor+1","Redo"],"picked":"Echo Form+1","floor":11},{"not_picked":["Redo","Barrage","Chaos"],"picked":"SKIP","floor":13},{"not_picked":["White Noise","Conserve Battery"],"picked":"Doom and Gloom","floor":14},{"not_picked":["Core Surge","Hyperbeam"],"picked":"Buffer+1","floor":16},{"not_picked":["Blizzard","Cold Snap"],"picked":"Sweeping Beam","floor":18},{"not_picked":["Aggregate+1","Ball Lightning","Steam"],"picked":"SKIP","floor":20},{"not_picked":["Cold Snap","Recycle","Streamline+1"],"picked":"SKIP","floor":21},{"not_picked":["Conserve Battery","Cold Snap","Rebound"],"picked":"SKIP","floor":24},{"not_picked":["Redo","Conserve Battery"],"picked":"Compile Driver","floor":27},{"not_picked":["Compile Driver","Aggregate"],"picked":"Seek","floor":29},{"not_picked":["Hologram","Force Field"],"picked":"Coolheaded+1","floor":30},{"not_picked":["Rainbow","Core Surge"],"picked":"Creative AI+1","floor":33},{"not_picked":["Ball Lightning","Compile Driver+1"],"picked":"Coolheaded+1","floor":35},{"not_picked":["Force Field","Leap","Stack"],"picked":"SKIP","floor":38},{"not_picked":["Recycle","Cold Snap+1","Streamline"],"picked":"SKIP","floor":39},{"not_picked":["Auto Shields","Aggregate+1","Force Field"],"picked":"SKIP","floor":40},{"not_picked":["Turbo+1","Hello World+1"],"picked":"Hologram+1","floor":42},{"not_picked":["Rebound","Reprogram"],"picked":"Capacitor+1","floor":44},{"not_picked":["Leap","Blizzard","Tempest"],"picked":"SKIP","floor":47},{"not_picked":["Lockon+1","Beam Cell"],"picked":"Compile Driver+1","floor":48},{"not_picked":["FTL","Melter","Compile Driver"],"picked":"SKIP","floor":55}],"player_experience":5429544,"relics_obtained":[{"floor":8,"key":"The Courier"},{"floor":9,"key":"Frozen Egg 2"},{"floor":11,"key":"Lantern"},{"floor":24,"key":"Dodecahedron"},{"floor":26,"key":"Mango"},{"floor":27,"key":"Ice Cream"},{"floor":30,"key":"Blue Candle"},{"floor":40,"key":"Blood Vial"},{"floor":42,"key":"Smiling Mask"},{"floor":44,"key":"FossilizedHelix"},{"floor":48,"key":"PreservedInsect"},{"floor":55,"key":"Whetstone"}],"event_choices":[{"cards_removed":["Strike_B"],"damage_healed":0,"gold_gain":0,"player_choice":"Card Removal","damage_taken":7,"max_hp_gain":0,"max_hp_loss":0,"event_name":"Golden Wing","floor":2,"gold_loss":0},{"damage_healed":0,"gold_gain":0,"player_choice":"Ignored","damage_taken":0,"max_hp_gain":0,"max_hp_loss":0,"event_name":"Liars Game","floor":4,"gold_loss":0},{"damage_healed":0,"gold_gain":0,"cards_transformed":["Strike_B","Strike_B"],"player_choice":"Became Test Subject","damage_taken":0,"max_hp_gain":0,"max_hp_loss":0,"event_name":"Drug Dealer","floor":22,"gold_loss":0,"cards_obtained":["Barrage","BootSequence"]},{"damage_healed":0,"gold_gain":0,"player_choice":"Max HP","damage_taken":0,"max_hp_gain":0,"max_hp_loss":4,"event_name":"Winding Halls","floor":36,"gold_loss":0},{"damage_healed":0,"gold_gain":0,"player_choice":"Fight","damage_taken":0,"max_hp_gain":0,"max_hp_loss":0,"event_name":"Mysterious Sphere","floor":44,"gold_loss":0}],"is_beta":true,"boss_relics":[{"not_picked":["White Beast Statue","Inserter"],"picked":"Velvet Choker"},{"not_picked":["Tiny House","Sozu"],"picked":"Fusion Hammer"}],"items_purged_floors":[31,37,54],"is_endless":false,"potions_floor_spawned":[1,3,13,20,21,29,38,42,47,48],"ascension_level":20}