{"gold_per_floor":[111,111,126,137,157,157,183,183,183,210,224,238,263,37,37,115,115,129,145,164,164,182,182,182],"floor_reached":24,"playtime":1724,"items_purged":["Strike_R"],"score":440,"play_id":"4e3d6e29-d56b-44bf-8a12-492f10901fd3","local_time":"20190402185107","is_ascension_mode":true,"campfire_choices":[{"data":"Combust","floor":6,"key":"SMITH"},{"floor":8,"key":"REST"},{"data":"Limit Break","floor":15,"key":"SMITH"},{"floor":23,"key":"REST"}],"neow_cost":"NONE","seed_source_timestamp":17252773859175,"circlet_count":0,"master_deck":["AscendersBane","Strike_R","Strike_R","Strike_R","Strike_R","Defend_R","Defend_R","Defend_R","Defend_R","Bash+1","Twin Strike","Combust+1","Iron Wave","Infernal Blade","Shockwave","Headbutt","Armaments","Limit Break+1","Offering","Heavy Blade","Perfected Strike","Entrench","Entrench"],"relics":["Burning Blood","Bag of Preparation","Calipers","Pear","Sundial","Happy Flower","Snecko Eye"],"potions_floor_usage":[16,20,24],"damage_taken":[{"damage":4,"enemies":"Small Slimes","floor":1,"turns":4},{"damage":6,"enemies":"Cultist","floor":3,"turns":3},{"damage":2,"enemies":"2 Louse","floor":4,"turns":4},{"damage":6,"enemies":"Exordium Wildlife","floor":5,"turns":3},{"damage":47,"enemies":"Lagavulin","floor":7,"turns":6},{"damage":11,"enemies":"Gremlin Nob","floor":10,"turns":3},{"damage":4,"enemies":"Looter","floor":11,"turns":3},{"damage":17,"enemies":"Exordium Thugs","floor":12,"turns":4},{"damage":18,"enemies":"3 Sentries","floor":13,"turns":4},{"damage":29,"enemies":"Hexaghost","floor":16,"turns":7},{"damage":6,"enemies":"2 Thieves","floor":18,"turns":3},{"damage":52,"enemies":"Spheric Guardian","floor":19,"turns":6},{"damage":18,"enemies":"Snake Plant","floor":20,"turns":4},{"damage":19,"enemies":"3 Cultists","floor":22,"turns":4},{"damage":35,"enemies":"Book of Stabbing","floor":24,"turns":5}],"seed_played":"-773633985994605055","potions_obtained":[{"floor":1,"key":"Ancient Potion"},{"floor":4,"key":"Swift Potion"},{"floor":11,"key":"Strength Potion"},{"floor":19,"key":"Regen Potion"}],"is_trial":false,"path_per_floor":["M","?","M","M","M","R","E","R","T","E","M","M","E","$","R","B",null,"M","M","M","?","M","R","E"],"character_chosen":"IRONCLAD","items_purchased":["Limit Break"],"campfire_rested":2,"item_purchase_floors":[14],"current_hp_per_floor":[70,70,70,74,74,74,33,55,65,60,62,51,39,39,39,16,68,68,22,22,22,9,34,0],"gold":182,"neow_bonus":"RANDOM_COMMON_RELIC","is_prod":false,"is_daily":false,"chose_seed":false,"campfire_upgraded":2,"win_rate":0,"timestamp":1554256267,"path_taken":["M","?","M","?","?","R","E","R","T","E","M","M","E","$","R","BOSS","M","M","?","?","?","R","E"],"build_version":"2019-03-15","purchased_purges":1,"victory":false,"max_hp_per_floor":[75,75,75,75,75,75,75,75,85,85,85,85,85,85,85,85,85,85,85,85,85,85,85,85],"card_choices":[{"not_picked":["Seeing Red","True Grit"],"picked":"Twin Strike","floor":1},{"not_picked":["Flex","Clash"],"picked":"Combust","floor":3},{"not_picked":["Body Slam","Infernal Blade","Headbutt"],"picked":"SKIP","floor":4},{"not_picked":["Body Slam","Pommel Strike"],"picked":"Iron Wave","floor":5},{"not_picked":["Exhume","Evolve"],"picked":"Infernal Blade","floor":7},{"not_picked":["Flex","Headbutt","Wild Strike"],"picked":"SKIP","floor":10},{"not_picked":["Heavy Blade","Pommel Strike"],"picked":"Shockwave","floor":11},{"not_picked":["Thunderclap","Clash"],"picked":"Headbutt","floor":12},{"not_picked":["Flex","Barricade"],"picked":"Armaments","floor":13},{"not_picked":["Dark Embrace","Barricade"],"picked":"Offering","floor":16},{"not_picked":["Battle Trance","Iron Wave"],"picked":"Heavy Blade","floor":18},{"not_picked":["Headbutt","Warcry"],"picked":"Perfected Strike","floor":19},{"not_picked":["Clash+1","Iron Wave"],"picked":"Entrench","floor":20},{"not_picked":["Wild Strike","Clash","Twin Strike"],"picked":"SKIP","floor":22}],"player_experience":5422477,"relics_obtained":[{"floor":7,"key":"Calipers"},{"floor":9,"key":"Pear"},{"floor":10,"key":"Sundial"},{"floor":13,"key":"Happy Flower"}],"event_choices":[{"damage_healed":0,"gold_gain":0,"player_choice":"Upgraded","damage_taken":0,"max_hp_gain":0,"max_hp_loss":0,"event_name":"Upgrade Shrine","floor":2,"gold_loss":0,"cards_upgraded":["Bash"]},{"damage_healed":0,"gold_gain":0,"player_choice":"Copied","damage_taken":0,"max_hp_gain":0,"max_hp_loss":0,"event_name":"Duplicator","floor":21,"gold_loss":0,"cards_obtained":["Entrench"]}],"is_beta":true,"boss_relics":[{"not_picked":["Black Star","Eternal Feather"],"picked":"Snecko Eye"}],"items_purged_floors":[14],"is_endless":false,"potions_floor_spawned":[1,4,11,12,13,19],"killed_by":"Book of Stabbing","ascension_level":20}