{"gold_per_floor":[214,51,62,80,98,128,128,163,163,184,203,203,203,203,203,274,274,290,116,128,43,43,77,77,77,101,101,128,128,128,160,160,238,238,248,248,67,67,80,80,0,26,26,54,66,97,128,140,152,164,176,188,200,30,30],"floor_reached":55,"playtime":5439,"items_purged":["Strike_B","Hello World","Melter"],"score":2134,"play_id":"2efaa256-7670-4661-9a9b-1c1a7b04e2bb","local_time":"20190410182547","is_ascension_mode":true,"campfire_choices":[{"floor":7,"key":"REST"},{"data":"Loop","floor":12,"key":"SMITH"},{"floor":15,"key":"REST"},{"data":"Ghostly","floor":24,"key":"SMITH"},{"data":"Electrodynamics","floor":27,"key":"SMITH"},{"data":"Ghostly","floor":30,"key":"SMITH"},{"data":"Ghostly","floor":32,"key":"SMITH"},{"data":"Seek","floor":40,"key":"SMITH"},{"floor":49,"key":"RECALL"},{"data":"Recycle","floor":53,"key":"SMITH"}],"neow_cost":"NONE","seed_source_timestamp":10642300906408,"circlet_count":0,"master_deck":["AscendersBane","Zap+1","Dualcast","Loop+1","Cold Snap","Doom and Gloom","Creative AI","Glacier","Coolheaded","Seek+1","Electrodynamics+1","Ball Lightning","Bandage Up","Hologram","Ghostly+1","Ghostly+1","Ghostly+1","Double Energy","Genetic Algorithm","Genetic Algorithm","Core Surge","Tempest","Buffer","Barrage","Genetic Algorithm","Scrape","Steam","Finesse","Blind","Good Instincts","Genetic Algorithm","BootSequence","Core Surge","Turbo","Steam+1","Recycle+1","Recycle","Storm","Go for the Eyes"],"relics":["Cracked Core","DataDisk","Meat on the Bone","Question Card","Calipers","Odd Mushroom","Mango","Runic Pyramid","Incense Burner","Omamori","Enchiridion","Centennial Puzzle","Blood Vial","Pantograph","Whetstone","Pandora\u0027s Box","Red Mask","Bag of Preparation","The Courier","MawBank","Kunai"],"potions_floor_usage":[10,23,23,55],"damage_taken":[{"damage":7,"enemies":"Jaw Worm","floor":1,"turns":3},{"damage":0,"enemies":"Small Slimes","floor":3,"turns":3},{"damage":12,"enemies":"2 Louse","floor":4,"turns":3},{"damage":8,"enemies":"2 Fungi Beasts","floor":5,"turns":3},{"damage":30,"enemies":"Gremlin Nob","floor":6,"turns":4},{"damage":12,"enemies":"3 Sentries","floor":8,"turns":16},{"damage":14,"enemies":"The Mushroom Lair","floor":10,"turns":6},{"damage":8,"enemies":"Exordium Thugs","floor":11,"turns":5},{"damage":3,"enemies":"Slime Boss","floor":16,"turns":10},{"damage":3,"enemies":"Chosen","floor":18,"turns":5},{"damage":1,"enemies":"Spheric Guardian","floor":20,"turns":8},{"damage":31,"enemies":"Book of Stabbing","floor":23,"turns":7},{"damage":3,"enemies":"Gremlin Leader","floor":28,"turns":6},{"damage":13,"enemies":"Slavers","floor":31,"turns":5},{"damage":32,"enemies":"Champ","floor":33,"turns":14},{"damage":1,"enemies":"Orb Walker","floor":35,"turns":4},{"damage":11,"enemies":"3 Shapes","floor":39,"turns":10},{"damage":1,"enemies":"Giant Head","floor":42,"turns":11},{"damage":0,"enemies":"Nemesis","floor":44,"turns":13},{"damage":0,"enemies":"Maw","floor":45,"turns":9},{"damage":0,"enemies":"Reptomancer","floor":46,"turns":9},{"damage":0,"enemies":"Spire Growth","floor":47,"turns":10},{"damage":5,"enemies":"Time Eater","floor":50,"turns":17},{"damage":22,"enemies":"Awakened One","floor":51,"turns":25},{"damage":48,"enemies":"Shield and Spear","floor":55,"turns":9}],"seed_played":"-7663950662922131727","potions_obtained":[{"floor":1,"key":"Dexterity Potion"},{"floor":8,"key":"Dexterity Potion"},{"floor":10,"key":"Ancient Potion"},{"floor":16,"key":"SteroidPotion"},{"floor":23,"key":"GamblersBrew"},{"floor":35,"key":"Ancient Potion"}],"is_trial":false,"path_per_floor":["M","$","M","M","M","E","R","E","T","?","M","R","?","?","R","B",null,"M","$","M","?","?","E","R","?","T","R","E","?","R","E","R","B",null,"M","?","$","?","M","R","?","E","T","E","M","E","M","T","R","B","B",null,"R","$","E"],"character_chosen":"DEFECT","items_purchased":["DataDisk","Bandage Up","Genetic Algorithm","Storm","Go for the Eyes"],"campfire_rested":2,"item_purchase_floors":[2,19,37,54,54],"current_hp_per_floor":[57,57,57,45,37,7,28,28,28,26,30,30,30,26,51,48,76,73,73,76,76,42,27,27,6,6,6,19,19,19,28,28,26,38,42,32,32,32,31,31,31,36,36,42,42,42,42,42,42,41,24,38,38,38,0],"gold":30,"neow_bonus":"HUNDRED_GOLD","is_prod":false,"is_daily":false,"chose_seed":false,"campfire_upgraded":7,"win_rate":0,"timestamp":1554945947,"path_taken":["M","$","M","M","M","E","R","E","T","?","M","R","?","?","R","BOSS","M","$","M","?","?","E","R","?","T","R","E","?","R","E","R","BOSS","M","?","$","?","?","R","?","E","T","E","M","E","M","?","R","BOSS","BOSS","R","$","E"],"build_version":"2019-04-04","purchased_purges":3,"victory":false,"max_hp_per_floor":[71,71,71,71,71,71,71,71,71,71,71,71,71,85,85,85,85,85,85,85,85,42,42,42,42,42,42,42,42,42,42,42,42,42,42,42,42,42,42,42,42,42,42,42,42,42,42,42,42,42,42,42,42,42,42],"card_choices":[{"not_picked":["Conserve Battery","Turbo"],"picked":"Loop","floor":1},{"not_picked":["Hologram","Streamline"],"picked":"Cold Snap","floor":3},{"not_picked":["Chaos","Go for the Eyes"],"picked":"Doom and Gloom","floor":4},{"not_picked":["Rebound","Recycle"],"picked":"Creative AI","floor":5},{"not_picked":["Streamline","Beam Cell"],"picked":"Glacier","floor":6},{"not_picked":["Reinforced Body","Streamline","Melter"],"picked":"SKIP","floor":8},{"not_picked":["White Noise","Stack","Loop"],"picked":"Coolheaded","floor":10},{"not_picked":["Chaos","Beam Cell","Capacitor"],"picked":"Seek","floor":11},{"not_picked":["Biased Cognition","Core Surge","Rainbow"],"picked":"Electrodynamics","floor":16},{"not_picked":["Blizzard","Storm","Heatsinks"],"picked":"Ball Lightning","floor":18},{"not_picked":["White Noise","Barrage","Force Field"],"picked":"Hologram","floor":20},{"not_picked":["Sweeping Beam","Chaos+1","Coolheaded"],"picked":"Double Energy","floor":23},{"not_picked":["Skim","Leap","Hyperbeam"],"picked":"Genetic Algorithm","floor":28},{"not_picked":["Ball Lightning","Barrage","Sweeping Beam"],"picked":"Genetic Algorithm","floor":31},{"not_picked":["Hyperbeam","Creative AI","Multi-Cast"],"picked":"Core Surge","floor":33},{"not_picked":["Sweeping Beam+1","Leap+1","Compile Driver"],"picked":"Steam","floor":35},{"not_picked":["Magnetism","Madness","Flash of Steel"],"picked":"Finesse","floor":36},{"not_picked":["Trip","Thinking Ahead","Secret Weapon"],"picked":"Blind","floor":36},{"not_picked":["Swift Strike","Enlightenment","Madness"],"picked":"Good Instincts","floor":36},{"not_picked":["Beam Cell","Rebound","Ball Lightning+1"],"picked":"Turbo","floor":39},{"not_picked":["Amplify","Hologram","Consume","Tempest"],"picked":"SKIP","floor":42},{"not_picked":["Cold Snap","Force Field","Storm+1"],"picked":"Steam+1","floor":44},{"not_picked":["Sunder+1","Force Field","BootSequence","Consume"],"picked":"SKIP","floor":45},{"not_picked":["Compile Driver+1","BootSequence","Ball Lightning"],"picked":"Recycle","floor":46},{"not_picked":["Coolheaded","Self Repair","Steam"],"picked":"Recycle","floor":47}],"player_experience":5516175,"relics_obtained":[{"floor":6,"key":"Meat on the Bone"},{"floor":8,"key":"Question Card"},{"floor":9,"key":"Calipers"},{"floor":10,"key":"Odd Mushroom"},{"floor":23,"key":"Omamori"},{"floor":25,"key":"Enchiridion"},{"floor":26,"key":"Centennial Puzzle"},{"floor":28,"key":"Blood Vial"},{"floor":31,"key":"Whetstone"},{"floor":42,"key":"Bag of Preparation"},{"floor":44,"key":"The Courier"},{"floor":46,"key":"MawBank"},{"floor":48,"key":"Kunai"}],"event_choices":[{"damage_healed":0,"gold_gain":0,"player_choice":"Fought Mushrooms","damage_taken":0,"max_hp_gain":0,"max_hp_loss":0,"event_name":"Mushrooms","floor":10,"gold_loss":0},{"damage_healed":0,"gold_gain":0,"player_choice":"Grow","damage_taken":0,"max_hp_gain":0,"max_hp_loss":0,"event_name":"Living Wall","floor":13,"gold_loss":0,"cards_upgraded":["Zap"]},{"damage_healed":0,"gold_gain":0,"player_choice":"Success","damage_taken":18,"relics_obtained":["Mango"],"max_hp_gain":0,"max_hp_loss":0,"event_name":"Scrap Ooze","floor":14,"gold_loss":0},{"damage_healed":0,"gold_gain":0,"player_choice":"Obtained Relic","damage_taken":0,"relics_obtained":["Incense Burner"],"max_hp_gain":0,"max_hp_loss":0,"event_name":"Addict","floor":21,"gold_loss":85},{"damage_healed":0,"gold_gain":0,"player_choice":"Became a Ghost","damage_taken":0,"max_hp_gain":0,"max_hp_loss":43,"event_name":"Ghosts","floor":22,"gold_loss":0,"cards_obtained":["Ghostly","Ghostly","Ghostly"]},{"damage_healed":0,"gold_gain":0,"player_choice":"Obtained Book","damage_taken":21,"max_hp_gain":0,"max_hp_loss":0,"event_name":"Cursed Tome","floor":25,"gold_loss":0},{"damage_healed":0,"gold_gain":0,"player_choice":"Opened","damage_taken":0,"relics_obtained":["Pantograph"],"max_hp_gain":0,"max_hp_loss":0,"event_name":"The Mausoleum","floor":29,"gold_loss":0,"cards_obtained":["Writhe"]},{"damage_healed":0,"gold_gain":0,"player_choice":"Memory 3","damage_taken":10,"max_hp_gain":0,"max_hp_loss":0,"event_name":"SensoryStone","floor":36,"gold_loss":0},{"damage_healed":0,"gold_gain":0,"player_choice":"2 cards matched","damage_taken":0,"max_hp_gain":0,"max_hp_loss":0,"event_name":"Match and Keep!","floor":38,"gold_loss":0,"cards_obtained":["BootSequence","Core Surge"]},{"damage_healed":0,"gold_gain":0,"player_choice":"Paid","damage_taken":0,"relics_obtained":["Red Mask"],"max_hp_gain":0,"max_hp_loss":0,"event_name":"Tomb of Lord Red Mask","floor":41,"gold_loss":80}],"is_beta":true,"boss_relics":[{"not_picked":["Ectoplasm","Calling Bell"],"picked":"Runic Pyramid"},{"not_picked":["Lizard Tail","Nuclear Battery"],"picked":"Pandora\u0027s Box"}],"items_purged_floors":[19,37,54],"is_endless":false,"potions_floor_spawned":[1,8,10,16,18,23,35,45,47],"killed_by":"Shield and Spear","ascension_level":20}