{"gold_per_floor":[109,109,129,143,159,159,179,206,230,262,262,278,288,137,137,208,208,128,128,142,159,31,63,74,74,100,100,132,132,160,179,179,256,256,267,267,267,282,282,282,311,311,336,346,75,75,109,109,109,109,109,109,109,28,62,62],"floor_reached":57,"playtime":5343,"items_purged":["Strike_G","Finisher"],"score":2831,"play_id":"61590899-89ef-4406-a324-5026378253cc","local_time":"20190403194726","is_ascension_mode":true,"campfire_choices":[{"data":"Noxious Fumes","floor":6,"key":"SMITH"},{"data":"Crippling Poison","floor":11,"key":"SMITH"},{"data":"Crippling Poison","floor":15,"key":"SMITH"},{"data":"Wraith Form v2","floor":27,"key":"SMITH"},{"data":"Footwork","floor":29,"key":"SMITH"},{"data":"Deadly Poison","floor":32,"key":"SMITH"},{"data":"After Image","floor":40,"key":"SMITH"},{"data":"Well Laid Plans","floor":42,"key":"SMITH"},{"floor":46,"key":"RECALL"},{"data":"Footwork","floor":49,"key":"SMITH"},{"data":"Caltrops","floor":53,"key":"SMITH"}],"neow_cost":"NONE","seed_source_timestamp":103388832217937,"circlet_count":0,"master_deck":["AscendersBane","Survivor","Neutralize+1","Caltrops+1","Blur","Noxious Fumes+1","Dash","Crippling Poison+1","Deflect","Crippling Poison+1","Dodge and Roll","Escape Plan","Wraith Form v2+1","Bane","Burst","Dodge and Roll","Dagger Throw","Caltrops","Envenom","After Image+1","Slice","Deflect","Prepared+1","Footwork+1","Escape Plan","PiercingWail","Ghostly","Ghostly","Ghostly","Dodge and Roll","Deadly Poison+1","Tools of the Trade","PiercingWail","Finesse","Leg Sweep+1","Well Laid Plans+1","Footwork+1","Well Laid Plans+1"],"relics":["Ring of the Snake","Whetstone","FaceOfCleric","Blood Vial","Anchor","Centennial Puzzle","Pandora\u0027s Box","Lantern","Gambling Chip","Omamori","Juzu Bracelet","Cursed Key","WarpedTongs","Happy Flower","Regal Pillow","Sundial","Bag of Marbles"],"potions_floor_usage":[18,30,47],"damage_taken":[{"damage":7,"enemies":"Small Slimes","floor":1,"turns":3},{"damage":2,"enemies":"Cultist","floor":3,"turns":5},{"damage":0,"enemies":"Jaw Worm","floor":4,"turns":4},{"damage":3,"enemies":"Red Slaver","floor":5,"turns":7},{"damage":3,"enemies":"2 Fungi Beasts","floor":7,"turns":4},{"damage":20,"enemies":"Lagavulin","floor":8,"turns":9},{"damage":5,"enemies":"3 Sentries","floor":10,"turns":6},{"damage":0,"enemies":"3 Louse","floor":12,"turns":3},{"damage":10,"enemies":"Gremlin Gang","floor":13,"turns":4},{"damage":18,"enemies":"Hexaghost","floor":16,"turns":10},{"damage":3,"enemies":"2 Thieves","floor":18,"turns":4},{"damage":13,"enemies":"Chosen","floor":20,"turns":5},{"damage":10,"enemies":"3 Cultists","floor":21,"turns":4},{"damage":13,"enemies":"Gremlin Leader","floor":23,"turns":7},{"damage":0,"enemies":"Snake Plant","floor":24,"turns":5},{"damage":0,"enemies":"Slavers","floor":28,"turns":5},{"damage":1,"enemies":"Gremlin Leader","floor":30,"turns":9},{"damage":2,"enemies":"Centurion and Healer","floor":31,"turns":7},{"damage":30,"enemies":"Champ","floor":33,"turns":15},{"damage":0,"enemies":"Orb Walker","floor":35,"turns":5},{"damage":0,"enemies":"3 Darklings","floor":38,"turns":4},{"damage":10,"enemies":"Giant Head","floor":41,"turns":12},{"damage":0,"enemies":"Jaw Worm Horde","floor":44,"turns":5},{"damage":0,"enemies":"Reptomancer","floor":47,"turns":7},{"damage":6,"enemies":"Time Eater","floor":50,"turns":20},{"damage":5,"enemies":"Awakened One","floor":51,"turns":19},{"damage":0,"enemies":"Shield and Spear","floor":55,"turns":9},{"damage":35,"enemies":"The Heart","floor":56,"turns":12}],"seed_played":"-5843981107098275683","potions_obtained":[{"floor":3,"key":"Strength Potion"},{"floor":5,"key":"AttackPotion"},{"floor":10,"key":"Swift Potion"},{"floor":12,"key":"Dexterity Potion"},{"floor":21,"key":"Explosive Potion"},{"floor":24,"key":"GhostInAJar"},{"floor":30,"key":"PowerPotion"}],"is_trial":false,"path_per_floor":["M","?","M","M","M","R","M","E","T","E","R","M","M","$","R","B",null,"M","?","M","M","$","E","M","?","T","R","E","R","E","M","R","B",null,"M","?","?","M","?","R","E","R","T","M","$","R","E","T","R","B","B",null,"R","$","E","B",null],"character_chosen":"THE_SILENT","items_purchased":["Escape Plan","Fire Potion","Footwork","GhostInAJar","Footwork","GhostInAJar"],"campfire_rested":0,"item_purchase_floors":[14,22,22,45,45,54],"current_hp_per_floor":[52,52,51,52,50,50,48,29,29,27,27,30,23,23,23,8,58,58,58,48,41,41,31,34,34,34,34,37,37,39,40,40,13,36,39,39,29,32,32,32,25,25,25,28,28,28,31,31,31,28,26,45,45,45,48,16],"gold":62,"neow_bonus":"RANDOM_COMMON_RELIC","is_prod":false,"is_daily":false,"chose_seed":false,"campfire_upgraded":10,"win_rate":0,"timestamp":1554346046,"path_taken":["M","?","M","?","M","R","M","E","T","E","R","M","M","$","R","BOSS","M","?","M","?","$","E","M","?","T","R","E","R","E","M","R","BOSS","M","?","?","M","?","R","E","R","T","M","$","R","E","?","R","BOSS","BOSS","R","$","E","BOSS"],"build_version":"2019-03-15","purchased_purges":2,"victory":true,"max_hp_per_floor":[66,66,67,68,69,69,70,71,71,72,72,73,74,74,74,75,75,76,76,77,78,78,79,80,40,40,40,41,41,42,43,43,44,44,45,45,45,46,46,46,47,47,47,48,48,48,49,49,49,50,51,51,51,51,52,53],"card_choices":[{"not_picked":["Cloak And Dagger","PiercingWail"],"picked":"Caltrops","floor":1},{"not_picked":["Heel Hook","Bane"],"picked":"Blur","floor":3},{"not_picked":["Endless Agony","Terror"],"picked":"Noxious Fumes","floor":4},{"not_picked":["Dagger Throw","Poisoned Stab"],"picked":"Dash","floor":5},{"not_picked":["Expertise","Backstab"],"picked":"Crippling Poison","floor":7},{"not_picked":["Bouncing Flask","Riddle With Holes"],"picked":"Deflect","floor":8},{"not_picked":["Caltrops","Outmaneuver"],"picked":"Crippling Poison","floor":10},{"not_picked":["Concentrate","Acrobatics"],"picked":"Dodge and Roll","floor":12},{"not_picked":["Quick Slash","Cloak And Dagger","Underhanded Strike"],"picked":"SKIP","floor":13},{"not_picked":["Doppelganger","Storm of Steel"],"picked":"Wraith Form v2","floor":16},{"not_picked":["Acrobatics","Heel Hook"],"picked":"Deflect","floor":18},{"not_picked":["Sucker Punch","Blade Dance"],"picked":"Prepared+1","floor":20},{"not_picked":["Slice","Sucker Punch","Finisher"],"picked":"SKIP","floor":21},{"not_picked":["Outmaneuver","Distraction"],"picked":"Escape Plan","floor":23},{"not_picked":["Dagger Spray","Acrobatics"],"picked":"PiercingWail","floor":24},{"not_picked":["Bouncing Flask","Cloak And Dagger","Backstab"],"picked":"SKIP","floor":28},{"not_picked":["Venomology","Bane"],"picked":"Dodge and Roll","floor":30},{"not_picked":["Leg Sweep","Poisoned Stab"],"picked":"Deadly Poison","floor":31},{"not_picked":["A Thousand Cuts","Phantasmal Killer"],"picked":"Tools of the Trade","floor":33},{"not_picked":["Slice","Deadly Poison"],"picked":"PiercingWail","floor":35},{"not_picked":["Dramatic Entrance","Bandage Up"],"picked":"Finesse","floor":37},{"not_picked":["Prepared+1","Underhanded Strike+1"],"picked":"Leg Sweep+1","floor":38},{"not_picked":["Venomology","Backstab+1"],"picked":"Well Laid Plans","floor":41},{"not_picked":["Expertise","Dagger Spray","Distraction"],"picked":"SKIP","floor":44},{"not_picked":["Flying Knee","Bouncing Flask","Predator+1"],"picked":"SKIP","floor":47},{"not_picked":["Distraction+1","Slice+1"],"picked":"Well Laid Plans+1","floor":55}],"player_experience":5424201,"relics_obtained":[{"floor":8,"key":"Blood Vial"},{"floor":9,"key":"Anchor"},{"floor":10,"key":"Centennial Puzzle"},{"floor":23,"key":"Gambling Chip"},{"floor":28,"key":"Omamori"},{"floor":30,"key":"Juzu Bracelet"},{"floor":41,"key":"Happy Flower"},{"floor":43,"key":"Regal Pillow"},{"floor":47,"key":"Sundial"},{"floor":55,"key":"Bag of Marbles"}],"event_choices":[{"damage_healed":0,"gold_gain":0,"player_choice":"Trade","damage_taken":0,"relics_obtained":["FaceOfCleric"],"max_hp_gain":0,"max_hp_loss":0,"event_name":"FaceTrader","floor":2,"gold_loss":0},{"damage_healed":0,"gold_gain":0,"player_choice":"Gave Potion","damage_taken":0,"relics_obtained":["Lantern"],"max_hp_gain":0,"max_hp_loss":0,"event_name":"WeMeetAgain","floor":19,"gold_loss":0},{"damage_healed":0,"gold_gain":0,"player_choice":"Became a Ghost","damage_taken":0,"max_hp_gain":0,"max_hp_loss":40,"event_name":"Ghosts","floor":25,"gold_loss":0,"cards_obtained":["Ghostly","Ghostly","Ghostly"]},{"damage_healed":0,"gold_gain":0,"player_choice":"Rummage","damage_taken":0,"relics_obtained":["WarpedTongs"],"max_hp_gain":0,"max_hp_loss":0,"event_name":"Accursed Blacksmith","floor":36,"gold_loss":0,"cards_obtained":["Pain"]},{"damage_healed":0,"gold_gain":0,"player_choice":"Memory 3","damage_taken":10,"max_hp_gain":0,"max_hp_loss":0,"event_name":"SensoryStone","floor":37,"gold_loss":0},{"damage_healed":0,"gold_gain":0,"player_choice":"Ignored","damage_taken":0,"max_hp_gain":0,"max_hp_loss":0,"event_name":"Tomb of Lord Red Mask","floor":39,"gold_loss":0}],"is_beta":true,"boss_relics":[{"not_picked":["White Beast Statue","WristBlade"],"picked":"Pandora\u0027s Box"},{"not_picked":["Ring of the Serpent","Tiny House"],"picked":"Cursed Key"}],"items_purged_floors":[14,45],"is_endless":false,"potions_floor_spawned":[3,5,8,10,12,21,24,28,30,31,33,35,38],"ascension_level":20}