{"gold_per_floor":[119,44,44,44,44,44,58,58,82,97,138,138,138,176,176,271,271,286,299,132,257,66,66,102,102,128,146,146,146,190,205,205,301,301,322,346,406,406,739,739,771,871,896,926,926,450,461,2,2,2,2,2,2,2,35,35],"floor_reached":56,"playtime":4848,"items_purged":["Strike_G","Strike_G"],"score":2015,"play_id":"9083c3f8-d50b-4642-bbf6-6c50068f8be8","local_time":"20190406143004","is_ascension_mode":true,"campfire_choices":[{"data":"Poisoned Stab","floor":6,"key":"SMITH"},{"data":"Flying Knee","floor":8,"key":"SMITH"},{"data":"Wraith Form v2","floor":12,"key":"SMITH"},{"data":"Bane","floor":15,"key":"SMITH"},{"data":"Noxious Fumes","floor":23,"key":"SMITH"},{"data":"Corpse Explosion","floor":25,"key":"SMITH"},{"data":"After Image","floor":28,"key":"SMITH"},{"data":"Footwork","floor":32,"key":"SMITH"},{"data":"Noxious Fumes","floor":40,"key":"SMITH"},{"floor":45,"key":"RECALL"},{"data":"Leg Sweep","floor":49,"key":"SMITH"},{"floor":53,"key":"REST"}],"neow_cost":"NONE","seed_source_timestamp":152159648525590,"circlet_count":0,"master_deck":["AscendersBane","Defend_G","Defend_G","Defend_G+1","Defend_G","Defend_G","Strike_G","Survivor","Neutralize+1","Poisoned Stab+1","Flying Knee+1","Poisoned Stab+1","Wraith Form v2+1","Bane+1","Corpse Explosion+1","Leg Sweep+1","Backstab","Backflip","Noxious Fumes+1","PiercingWail","Deadly Poison+1","After Image+1","Prepared","Noxious Fumes+1","Footwork+1","After Image","Dodge and Roll","Calculated Gamble","PiercingWail","PiercingWail","Wraith Form v2+1","Backflip","Infinite Blades"],"relics":["Ring of the Snake","NeowsBlessing","Strawberry","Blood Vial","Mercury Hourglass","Orrery","Happy Flower","Dead Branch","Question Card","Oddly Smooth Stone","Ancient Tea Set","Meat on the Bone","Velvet Choker","Prayer Wheel","PreservedInsect","Tingsha","Juzu Bracelet","DollysMirror","Art of War","Paper Crane","Centennial Puzzle","Orichalcum"],"potions_floor_usage":[11,14,16,24,33,37,51,56,56],"damage_taken":[{"damage":0,"enemies":"Cultist","floor":1,"turns":1},{"damage":0,"enemies":"2 Louse","floor":7,"turns":1},{"damage":0,"enemies":"Small Slimes","floor":10,"turns":1},{"damage":31,"enemies":"3 Sentries","floor":11,"turns":13},{"damage":10,"enemies":"Lagavulin","floor":14,"turns":6},{"damage":10,"enemies":"Hexaghost","floor":16,"turns":9},{"damage":17,"enemies":"2 Thieves","floor":18,"turns":3},{"damage":1,"enemies":"3 Byrds","floor":19,"turns":2},{"damage":17,"enemies":"Colosseum Slavers","floor":21,"turns":4},{"damage":1,"enemies":"Colosseum Nobs","floor":21,"turns":3},{"damage":0,"enemies":"Gremlin Leader","floor":24,"turns":7},{"damage":13,"enemies":"Snecko","floor":27,"turns":4},{"damage":0,"enemies":"Slavers","floor":30,"turns":2},{"damage":0,"enemies":"Cultist and Chosen","floor":31,"turns":4},{"damage":4,"enemies":"Champ","floor":33,"turns":14},{"damage":0,"enemies":"3 Shapes","floor":35,"turns":5},{"damage":4,"enemies":"Orb Walker","floor":36,"turns":5},{"damage":28,"enemies":"2 Orb Walkers","floor":37,"turns":3},{"damage":13,"enemies":"Nemesis","floor":41,"turns":9},{"damage":6,"enemies":"Mind Bloom Boss Battle","floor":42,"turns":9},{"damage":23,"enemies":"Reptomancer","floor":44,"turns":5},{"damage":0,"enemies":"Sphere and 2 Shapes","floor":47,"turns":6},{"damage":10,"enemies":"Time Eater","floor":50,"turns":14},{"damage":45,"enemies":"Awakened One","floor":51,"turns":19},{"damage":15,"enemies":"Shield and Spear","floor":55,"turns":6},{"damage":72,"enemies":"The Heart","floor":56,"turns":11}],"seed_played":"-3822969104649479306","potions_obtained":[{"floor":1,"key":"PowerPotion"},{"floor":7,"key":"Dexterity Potion"},{"floor":14,"key":"Dexterity Potion"},{"floor":18,"key":"Dexterity Potion"},{"floor":31,"key":"Poison Potion"},{"floor":33,"key":"Fire Potion"},{"floor":37,"key":"AttackPotion"},{"floor":44,"key":"Poison Potion"},{"floor":55,"key":"AttackPotion"}],"is_trial":false,"path_per_floor":["M","$","?","?","?","R","M","R","T","M","E","R","?","E","R","B",null,"M","M","$","?","$","R","E","R","T","M","R","?","E","M","R","B",null,"M","M","?","?","?","R","E","?","T","E","R","$","M","$","R","B","B",null,"R","$","E","B"],"character_chosen":"THE_SILENT","items_purchased":["Happy Flower","Noxious Fumes","PiercingWail","GhostInAJar","DollysMirror","Art of War","Paper Crane","Centennial Puzzle"],"campfire_rested":1,"item_purchase_floors":[20,22,22,22,46,46,48,48],"current_hp_per_floor":[59,59,39,39,44,44,44,44,51,51,20,20,20,12,12,4,55,40,41,41,27,27,27,29,29,29,18,18,18,20,34,34,44,65,67,65,39,39,39,39,40,48,48,39,39,39,41,41,41,45,14,58,72,72,57,0],"gold":35,"neow_bonus":"THREE_ENEMY_KILL","is_prod":false,"is_daily":false,"chose_seed":false,"campfire_upgraded":10,"win_rate":0,"timestamp":1554586204,"path_taken":["M","?","?","?","?","R","?","R","T","M","E","R","?","E","R","BOSS","M","M","$","?","$","R","E","R","T","M","R","?","E","M","R","BOSS","M","M","?","?","?","R","E","?","T","E","R","$","M","$","R","BOSS","BOSS","R","$","E","BOSS"],"build_version":"2019-04-04","purchased_purges":2,"victory":false,"max_hp_per_floor":[66,66,66,60,65,65,65,65,72,72,72,72,72,72,72,72,72,72,72,72,72,72,72,72,72,72,72,72,72,72,72,72,72,72,72,72,72,72,72,72,72,72,72,72,72,72,72,72,72,72,72,72,72,72,72,72],"card_choices":[{"not_picked":["Underhanded Strike","Deadly Poison"],"picked":"Poisoned Stab","floor":1},{"not_picked":["Heel Hook","Eviscerate"],"picked":"Flying Knee","floor":7},{"not_picked":["Predator","Endless Agony"],"picked":"Poisoned Stab","floor":10},{"not_picked":["Dagger Throw","Prepared"],"picked":"Wraith Form v2","floor":11},{"not_picked":["Endless Agony","Slice"],"picked":"Bane","floor":14},{"not_picked":["Grand Finale","Night Terror"],"picked":"Corpse Explosion","floor":16},{"not_picked":["Setup","Endless Agony"],"picked":"Leg Sweep","floor":17},{"not_picked":["Reflex","Dagger Spray"],"picked":"Backstab","floor":17},{"not_picked":["Quick Slash","Slice","Bane"],"picked":"SKIP","floor":18},{"not_picked":["Bane","Sucker Punch","Tactician"],"picked":"SKIP","floor":19},{"not_picked":["Poisoned Stab","Quick Slash"],"picked":"Backflip","floor":21},{"not_picked":["Bane+1","Setup","Terror"],"picked":"Deadly Poison+1","floor":24},{"not_picked":["Deadly Poison","Reflex","Leg Sweep"],"picked":"After Image","floor":27},{"not_picked":["Sucker Punch","Cloak And Dagger","Dash"],"picked":"Noxious Fumes","floor":30},{"not_picked":["Flying Knee","Concentrate","Bane+1"],"picked":"Footwork","floor":31},{"not_picked":["Glass Knife","Bullet Time","A Thousand Cuts"],"picked":"After Image","floor":33},{"not_picked":["Poisoned Stab","Bane","Blade Dance"],"picked":"Dodge and Roll","floor":35},{"not_picked":["Heel Hook","Terror","Acrobatics"],"picked":"Calculated Gamble","floor":36},{"not_picked":["Quick Slash","Infinite Blades","Outmaneuver"],"picked":"PiercingWail","floor":37},{"not_picked":["Corpse Explosion","Blade Dance","Dagger Spray+1","Prepared"],"picked":"SKIP","floor":41},{"not_picked":["Terror","Outmaneuver","Poisoned Stab"],"picked":"PiercingWail","floor":42},{"not_picked":["Outmaneuver","Sucker Punch","Skewer","Slice"],"picked":"SKIP","floor":44},{"not_picked":["Distraction+1","Sucker Punch","Outmaneuver+1"],"picked":"Backflip","floor":47},{"not_picked":["Choke","Terror+1","Dagger Spray+1","Infinite Blades"],"picked":"SKIP","floor":47},{"not_picked":["Dodge and Roll","Bane","Deadly Poison"],"picked":"Infinite Blades","floor":55}],"player_experience":5463584,"relics_obtained":[{"floor":9,"key":"Strawberry"},{"floor":11,"key":"Blood Vial"},{"floor":14,"key":"Mercury Hourglass"},{"floor":21,"key":"Dead Branch"},{"floor":21,"key":"Question Card"},{"floor":24,"key":"Oddly Smooth Stone"},{"floor":26,"key":"Ancient Tea Set"},{"floor":30,"key":"Meat on the Bone"},{"floor":37,"key":"Prayer Wheel"},{"floor":41,"key":"PreservedInsect"},{"floor":42,"key":"Tingsha"},{"floor":44,"key":"Juzu Bracelet"},{"floor":55,"key":"Orichalcum"}],"event_choices":[{"damage_healed":0,"gold_gain":0,"player_choice":"Entered Light","damage_taken":20,"max_hp_gain":0,"max_hp_loss":0,"event_name":"Shining Light","floor":3,"gold_loss":0,"cards_upgraded":["Neutralize","Defend_G"]},{"damage_healed":0,"gold_gain":0,"player_choice":"Lose Max HP","damage_taken":0,"relics_obtained":["Golden Idol"],"max_hp_gain":0,"max_hp_loss":6,"event_name":"Golden Idol","floor":4,"gold_loss":0},{"damage_healed":0,"gold_gain":0,"player_choice":"Donut","damage_taken":0,"max_hp_gain":5,"max_hp_loss":0,"event_name":"Big Fish","floor":5,"gold_loss":0},{"damage_healed":0,"gold_gain":0,"player_choice":"Grow","damage_taken":0,"max_hp_gain":0,"max_hp_loss":0,"event_name":"Living Wall","floor":13,"gold_loss":0,"cards_upgraded":["Poisoned Stab"]},{"damage_healed":0,"gold_gain":0,"player_choice":"Fight","damage_taken":0,"max_hp_gain":0,"max_hp_loss":0,"event_name":"Colosseum","floor":21,"gold_loss":0},{"damage_healed":0,"gold_gain":0,"player_choice":"Fought Nobs","damage_taken":0,"max_hp_gain":0,"max_hp_loss":0,"event_name":"Colosseum","floor":21,"gold_loss":0},{"damage_healed":0,"gold_gain":0,"cards_transformed":["Strike_G","Strike_G"],"player_choice":"Became Test Subject","damage_taken":0,"max_hp_gain":0,"max_hp_loss":0,"event_name":"Drug Dealer","floor":29,"gold_loss":0,"cards_obtained":["Prepared","Dash"]},{"damage_healed":0,"gold_gain":0,"player_choice":"Fight","damage_taken":0,"max_hp_gain":0,"max_hp_loss":0,"event_name":"Mysterious Sphere","floor":37,"gold_loss":0},{"cards_removed":["Dash"],"damage_healed":0,"gold_gain":0,"player_choice":"Removed Attack","damage_taken":0,"max_hp_gain":0,"max_hp_loss":0,"event_name":"Falling","floor":38,"gold_loss":0},{"damage_healed":0,"gold_gain":333,"player_choice":"Gave Idol","damage_taken":0,"max_hp_gain":0,"max_hp_loss":0,"event_name":"The Moai Head","floor":39,"relics_lost":["Golden Idol"],"gold_loss":0},{"damage_healed":0,"gold_gain":0,"player_choice":"Fight","damage_taken":0,"max_hp_gain":0,"max_hp_loss":0,"event_name":"MindBloom","floor":42,"gold_loss":0}],"is_beta":true,"boss_relics":[{"not_picked":["WristBlade","Tiny House"],"picked":"Orrery"},{"not_picked":["Snecko Eye","White Beast Statue"],"picked":"Velvet Choker"}],"items_purged_floors":[2,46],"is_endless":false,"potions_floor_spawned":[1,7,14,18,31,33,35,37,44,55],"killed_by":"The Heart","ascension_level":20}