{"gold_per_floor":[365,381,381,394,22,22,22,22,49,49,49,49,49,76,76,76],"floor_reached":16,"playtime":794,"items_purged":["Strike_G"],"score":212,"play_id":"0aabf724-8f3f-4beb-a880-84b1a0cf8418","local_time":"20190405144834","is_ascension_mode":true,"campfire_choices":[{"data":"Crippling Poison","floor":6,"key":"SMITH"},{"data":"Flying Knee","floor":8,"key":"SMITH"},{"data":"Strike_G","floor":10,"key":"SMITH"},{"data":"Slice","floor":15,"key":"SMITH"}],"neow_cost":"PERCENT_DAMAGE","seed_source_timestamp":70922728490367,"circlet_count":0,"master_deck":["AscendersBane","Defend_G","Defend_G","Defend_G","Defend_G","Defend_G","Strike_G","Strike_G+1","Survivor","Neutralize","Well Laid Plans","Flying Knee+1","PiercingWail","Crippling Poison+1","Leg Sweep","Slice+1"],"relics":["Ring of the Snake","ClockworkSouvenir","Centennial Puzzle","Happy Flower"],"potions_floor_usage":[11,11],"damage_taken":[{"damage":0,"enemies":"2 Louse","floor":1,"turns":3},{"damage":9,"enemies":"Cultist","floor":2,"turns":6},{"damage":2,"enemies":"Small Slimes","floor":4,"turns":3},{"damage":0,"enemies":"Gremlin Nob","floor":11,"turns":2},{"damage":9,"enemies":"Lagavulin","floor":14,"turns":10},{"damage":25,"enemies":"Hexaghost","floor":16,"turns":12}],"seed_played":"-2699776753884904497","potions_obtained":[{"floor":1,"key":"SneckoOil"},{"floor":4,"key":"SmokeBomb"}],"is_trial":false,"path_per_floor":["M","M","?","M","$","R","?","R","T","R","E","$","$","E","R","B"],"character_chosen":"THE_SILENT","items_purchased":["ClockworkSouvenir","Crippling Poison"],"campfire_rested":0,"item_purchase_floors":[5,5],"current_hp_per_floor":[44,35,35,33,33,33,33,33,33,33,33,33,33,24,24,0],"gold":76,"neow_bonus":"TWO_FIFTY_GOLD","is_prod":false,"is_daily":false,"chose_seed":false,"campfire_upgraded":4,"win_rate":0,"timestamp":1554500914,"path_taken":["M","M","?","?","$","R","?","R","T","R","E","?","$","E","R","BOSS"],"build_version":"2019-04-04","purchased_purges":1,"victory":false,"max_hp_per_floor":[66,66,66,66,66,66,66,66,66,66,66,66,66,66,66,66],"card_choices":[{"not_picked":["Accuracy","Concentrate"],"picked":"Well Laid Plans","floor":1},{"not_picked":["Cloak And Dagger","Underhanded Strike"],"picked":"Flying Knee","floor":2},{"not_picked":["Backflip","Dagger Throw"],"picked":"PiercingWail","floor":4},{"not_picked":["Prepared","Grand Finale"],"picked":"Slice","floor":14}],"player_experience":5451962,"relics_obtained":[{"floor":9,"key":"Centennial Puzzle"},{"floor":14,"key":"Happy Flower"}],"event_choices":[{"cards_removed":["Strike_G"],"damage_healed":0,"gold_gain":0,"player_choice":"Offered Basic","damage_taken":0,"max_hp_gain":0,"max_hp_loss":0,"event_name":"Bonfire Elementals","floor":3,"gold_loss":0},{"damage_healed":0,"gold_gain":0,"cards_transformed":["Strike_G"],"player_choice":"Transformed","damage_taken":0,"max_hp_gain":0,"max_hp_loss":0,"event_name":"Transmorgrifier","floor":7,"gold_loss":0,"cards_obtained":["Leg Sweep"]}],"is_beta":true,"boss_relics":[],"items_purged_floors":[5],"is_endless":false,"potions_floor_spawned":[1,4],"killed_by":"Hexaghost","ascension_level":20}