{"gold_per_floor":[114,114,56,72,72,98,98,129,129,14,33,33,33,43,43,118,118,118,43,43,43,43,43,43,43,43,43,43,43,43,43,43,43,43,43,43,43,43,43,43,43,43,43,43,43,43,43,43,43,43,43,43,43,3,3,3],"floor_reached":56,"playtime":4232,"items_purged":[],"score":2081,"play_id":"0098ee1a-9d3c-4263-8a1e-45464bfd2a68","local_time":"20190417160648","is_ascension_mode":true,"campfire_choices":[{"floor":7,"key":"REST"},{"floor":12,"key":"REST"},{"data":"Infinite Blades","floor":15,"key":"SMITH"},{"floor":25,"key":"REST"},{"floor":29,"key":"REST"},{"data":"Crippling Poison","floor":32,"key":"SMITH"},{"data":"Adrenaline","floor":40,"key":"SMITH"},{"data":"Night Terror","floor":42,"key":"SMITH"},{"floor":47,"key":"REST"},{"floor":49,"key":"RECALL"},{"floor":53,"key":"REST"}],"neow_cost":"NONE","seed_source_timestamp":228353326818510,"circlet_count":0,"master_deck":["AscendersBane","Defend_G","Defend_G","Defend_G","Defend_G","Defend_G","Strike_G","Strike_G","Strike_G","Strike_G","Survivor","Neutralize","Caltrops+1","Dagger Throw","Infinite Blades+1","Blade Dance","Crippling Poison+1","Dodge and Roll","Backflip","After Image+1","Bullet Time","Footwork+1","Shame","Crippling Poison+1","Adrenaline+1","Noxious Fumes+1","Blade Dance+1","Night Terror+1","Backflip","Infinite Blades+1","PiercingWail","Deflect+1","Backflip","Caltrops+1","Terror","Deflect"],"relics":["Ring of the Snake","Happy Flower","StoneCalendar","Dead Branch","Frozen Egg 2","Ectoplasm","Potion Belt","Omamori","Incense Burner","Molten Egg 2","Strawberry","Vajra","Mercury Hourglass","Black Star","Pocketwatch","Shuriken","Oddly Smooth Stone","MawBank","Lantern","Kunai"],"potions_floor_usage":[6,6,6,8,23,24,27,46,48,50,50,51,56],"damage_taken":[{"damage":4,"enemies":"Cultist","floor":1,"turns":3},{"damage":4,"enemies":"Small Slimes","floor":4,"turns":4},{"damage":37,"enemies":"3 Sentries","floor":6,"turns":10},{"damage":33,"enemies":"Gremlin Nob","floor":8,"turns":5},{"damage":0,"enemies":"2 Louse","floor":11,"turns":3},{"damage":9,"enemies":"Red Slaver","floor":14,"turns":5},{"damage":0,"enemies":"Hexaghost","floor":16,"turns":7},{"damage":5,"enemies":"3 Byrds","floor":18,"turns":2},{"damage":10,"enemies":"Shell Parasite","floor":21,"turns":5},{"damage":12,"enemies":"Slavers","floor":23,"turns":5},{"damage":10,"enemies":"Colosseum Slavers","floor":24,"turns":5},{"damage":12,"enemies":"Colosseum Nobs","floor":24,"turns":5},{"damage":12,"enemies":"Book of Stabbing","floor":27,"turns":5},{"damage":5,"enemies":"Snake Plant","floor":31,"turns":4},{"damage":3,"enemies":"Collector","floor":33,"turns":6},{"damage":0,"enemies":"3 Shapes","floor":35,"turns":4},{"damage":1,"enemies":"3 Darklings","floor":36,"turns":4},{"damage":0,"enemies":"4 Shapes","floor":37,"turns":5},{"damage":0,"enemies":"Mind Bloom Boss Battle","floor":38,"turns":5},{"damage":18,"enemies":"Jaw Worm Horde","floor":39,"turns":5},{"damage":7,"enemies":"Reptomancer","floor":41,"turns":5},{"damage":4,"enemies":"Giant Head","floor":44,"turns":6},{"damage":11,"enemies":"Spire Growth","floor":45,"turns":5},{"damage":14,"enemies":"Transient","floor":46,"turns":6},{"damage":15,"enemies":"4 Shapes","floor":48,"turns":7},{"damage":14,"enemies":"Awakened One","floor":50,"turns":13},{"damage":11,"enemies":"Time Eater","floor":51,"turns":7},{"damage":58,"enemies":"Shield and Spear","floor":55,"turns":7},{"damage":53,"enemies":"The Heart","floor":56,"turns":3}],"seed_played":"8892228670784287087","potions_obtained":[{"floor":5,"key":"EntropicBrew"},{"floor":5,"key":"Weak Potion"},{"floor":14,"key":"Fire Potion"},{"floor":18,"key":"Explosive Potion"},{"floor":24,"key":"Energy Potion"},{"floor":37,"key":"AttackPotion"},{"floor":38,"key":"SpeedPotion"},{"floor":41,"key":"EssenceOfSteel"},{"floor":45,"key":"PowerPotion"},{"floor":46,"key":"Regen Potion"},{"floor":48,"key":"Weak Potion"},{"floor":55,"key":"LiquidBronze"}],"is_trial":false,"path_per_floor":["M","?","$","M","?","E","R","E","T","$","M","R","?","M","R","B",null,"M","?","?","M","$","E","?","R","T","E","$","R","T","M","R","B",null,"M","M","M","?","M","R","E","R","T","E","M","M","R","M","R","B","B",null,"R","$","E","B"],"character_chosen":"THE_SILENT","items_purchased":["Dagger Throw","Crippling Poison","Dodge and Roll","Terror"],"campfire_rested":6,"item_purchase_floors":[3,10,10,54],"current_hp_per_floor":[55,60,60,56,56,19,40,7,7,7,7,28,28,19,19,19,58,53,53,53,43,43,31,9,30,37,25,25,48,48,43,43,40,69,69,68,68,68,50,50,43,43,43,39,28,14,37,37,37,23,12,62,78,78,20,0],"gold":3,"neow_bonus":"RANDOM_COMMON_RELIC","is_prod":false,"is_daily":false,"chose_seed":false,"campfire_upgraded":4,"win_rate":0,"timestamp":1555542408,"path_taken":["M","?","$","M","?","E","R","E","T","$","?","R","?","M","R","BOSS","M","?","?","M","$","E","?","R","T","E","$","R","?","?","R","BOSS","M","M","M","?","M","R","E","R","T","E","M","M","R","M","R","BOSS","BOSS","R","$","E","BOSS"],"build_version":"2019-04-04","purchased_purges":0,"victory":false,"max_hp_per_floor":[66,71,71,71,71,71,71,71,71,71,71,71,71,71,71,71,71,71,71,71,71,71,71,71,71,78,78,78,78,78,78,78,78,78,78,78,78,78,78,78,78,78,78,78,78,78,78,78,78,78,78,78,78,78,78,78],"card_choices":[{"not_picked":["Quick Slash","Eviscerate"],"picked":"Caltrops","floor":1},{"not_picked":["Prepared","Acrobatics","Underhanded Strike"],"picked":"SKIP","floor":4},{"not_picked":["Flechettes","Underhanded Strike"],"picked":"Infinite Blades","floor":6},{"not_picked":["Acrobatics","Heel Hook"],"picked":"Blade Dance","floor":8},{"not_picked":["Expertise","Reflex"],"picked":"Backflip","floor":11},{"not_picked":["Cloak And Dagger","Flechettes"],"picked":"After Image+1","floor":14},{"not_picked":["Glass Knife","Grand Finale"],"picked":"Bullet Time","floor":16},{"not_picked":["Terror","Underhanded Strike"],"picked":"Footwork+1","floor":18},{"not_picked":["Blade Dance","Flying Knee"],"picked":"Crippling Poison+1","floor":21},{"not_picked":["All Out Attack","Accuracy+1","Underhanded Strike"],"picked":"SKIP","floor":23},{"not_picked":["Choke+1","Dagger Spray"],"picked":"Adrenaline","floor":24},{"not_picked":["Dagger Throw+1","Expertise"],"picked":"Noxious Fumes+1","floor":27},{"not_picked":["Terror","Dodge and Roll"],"picked":"Blade Dance+1","floor":31},{"not_picked":["Envenom+1","Burst"],"picked":"Night Terror","floor":33},{"not_picked":["Dash+1","All Out Attack+1"],"picked":"Backflip","floor":35},{"not_picked":["Bouncing Flask","Bane+1","Prepared"],"picked":"SKIP","floor":36},{"not_picked":["Dash+1","Dagger Throw+1","Doppelganger"],"picked":"SKIP","floor":37},{"not_picked":["Quick Slash+1","Acrobatics"],"picked":"Infinite Blades+1","floor":38},{"not_picked":["Prepared","Deadly Poison","Heel Hook+1"],"picked":"SKIP","floor":39},{"not_picked":["Dagger Spray+1","Masterful Stab+1","Tactician"],"picked":"SKIP","floor":41},{"not_picked":["Deadly Poison","Heel Hook+1"],"picked":"PiercingWail","floor":44},{"not_picked":["Dagger Spray+1","Sucker Punch+1"],"picked":"Deflect+1","floor":45},{"not_picked":["Flying Knee+1","Phantasmal Killer"],"picked":"Backflip","floor":46},{"not_picked":["Eviscerate+1","Underhanded Strike+1"],"picked":"Caltrops+1","floor":48},{"not_picked":["Acrobatics","Sucker Punch+1"],"picked":"Deflect","floor":55}],"player_experience":5670705,"relics_obtained":[{"floor":6,"key":"StoneCalendar"},{"floor":8,"key":"Dead Branch"},{"floor":9,"key":"Frozen Egg 2"},{"floor":23,"key":"Omamori"},{"floor":24,"key":"Incense Burner"},{"floor":24,"key":"Molten Egg 2"},{"floor":26,"key":"Strawberry"},{"floor":27,"key":"Vajra"},{"floor":30,"key":"Mercury Hourglass"},{"floor":38,"key":"Pocketwatch"},{"floor":41,"key":"Shuriken"},{"floor":44,"key":"Oddly Smooth Stone"},{"floor":44,"key":"MawBank"},{"floor":55,"key":"Lantern"},{"floor":55,"key":"Kunai"}],"event_choices":[{"damage_healed":0,"gold_gain":0,"player_choice":"Donut","damage_taken":0,"max_hp_gain":5,"max_hp_loss":0,"event_name":"Big Fish","floor":2,"gold_loss":0},{"damage_healed":0,"gold_gain":0,"player_choice":"Got Potions","damage_taken":0,"max_hp_gain":0,"max_hp_loss":0,"event_name":"Lab","floor":5,"gold_loss":0},{"damage_healed":0,"gold_gain":0,"player_choice":"Upgraded","damage_taken":0,"max_hp_gain":0,"max_hp_loss":0,"event_name":"Upgrade Shrine","floor":13,"gold_loss":0,"cards_upgraded":["Caltrops"]},{"cards_removed":["Strike_G"],"damage_healed":0,"gold_gain":0,"player_choice":"Gave Gold","damage_taken":0,"max_hp_gain":0,"max_hp_loss":0,"event_name":"Beggar","floor":19,"gold_loss":75},{"damage_healed":0,"gold_gain":0,"player_choice":"Stole Relic","damage_taken":0,"relics_obtained":["Potion Belt"],"max_hp_gain":0,"max_hp_loss":0,"event_name":"Addict","floor":20,"gold_loss":0,"cards_obtained":["Shame"]},{"damage_healed":0,"gold_gain":0,"player_choice":"Fight","damage_taken":0,"max_hp_gain":0,"max_hp_loss":0,"event_name":"Colosseum","floor":24,"gold_loss":0},{"damage_healed":0,"gold_gain":0,"player_choice":"Fought Nobs","damage_taken":0,"max_hp_gain":0,"max_hp_loss":0,"event_name":"Colosseum","floor":24,"gold_loss":0},{"damage_healed":0,"gold_gain":0,"player_choice":"Fight","damage_taken":0,"max_hp_gain":0,"max_hp_loss":0,"event_name":"MindBloom","floor":38,"gold_loss":0}],"is_beta":true,"boss_relics":[{"not_picked":["Velvet Choker","Eternal Feather"],"picked":"Ectoplasm"},{"not_picked":["Ring of the Serpent","Busted Crown"],"picked":"Black Star"}],"items_purged_floors":[],"is_endless":false,"potions_floor_spawned":[14,18,24,37,38,41,45,46,48,55],"killed_by":"The Heart","ascension_level":20}