{"gold_per_floor":[111,123,141,152,168,202,202,233,233,233,261,261,291,291,291,370,370,388,2,19,19,119,119,151,151,177,211,211,223,223,74,74,151,151,171,188,188,201,218,218,246,258,258,258,292,292,292,325,325,325,325,325,325,25,54,54],"floor_reached":57,"playtime":6693,"items_purged":["Strike_B"],"score":3187,"play_id":"ff867f5a-07d4-4253-b577-ac3b4a9e2187","local_time":"20190415161035","is_ascension_mode":true,"campfire_choices":[{"data":"Zap","floor":7,"key":"SMITH"},{"floor":10,"key":"REST"},{"data":"Sweeping Beam","floor":12,"key":"SMITH"},{"data":"Coolheaded","floor":15,"key":"SMITH"},{"floor":23,"key":"REST"},{"data":"Go for the Eyes","floor":25,"key":"SMITH"},{"floor":30,"key":"REST"},{"floor":32,"key":"REST"},{"data":"Dualcast","floor":40,"key":"SMITH"},{"floor":44,"key":"RECALL"},{"data":"Creative AI","floor":47,"key":"SMITH"},{"data":"Conserve Battery","floor":49,"key":"SMITH"},{"data":"Defend_B","floor":53,"key":"SMITH"}],"neow_cost":"NONE","seed_source_timestamp":53308870311913,"circlet_count":0,"master_deck":["AscendersBane","Defend_B","Defend_B","Defend_B","Defend_B+1","Zap+1","Dualcast+1","Conserve Battery+1","Coolheaded+1","Ball Lightning","Gash","Sweeping Beam+1","Ball Lightning","Coolheaded+1","Glacier+1","Echo Form","Beam Cell","Steam+1","Go for the Eyes+1","Static Discharge+1","Hologram+1","All For One","Turbo+1","Beam Cell","Redo+1","Reprogram+1","Seek+1","Recycle+1","Hologram+1","Consume+1","Fusion+1","Creative AI+1","Echo Form","Stack+1","Coolheaded+1","Redo+1","Fission+1"],"relics":["Cracked Core","Mango","Torii","Toxic Egg 2","Pantograph","Pen Nib","Runic Pyramid","Symbiotic Virus","FossilizedHelix","Kunai","Ancient Tea Set","Centennial Puzzle","StoneCalendar","Coffee Dripper","Mercury Hourglass","Bottled Lightning","The Courier","Anchor","Bag of Marbles"],"potions_floor_usage":[6,8,18,24,39,56,56],"damage_taken":[{"damage":0,"enemies":"Cultist","floor":1,"turns":3},{"damage":7,"enemies":"Jaw Worm","floor":2,"turns":3},{"damage":0,"enemies":"Small Slimes","floor":3,"turns":6},{"damage":4,"enemies":"Blue Slaver","floor":4,"turns":5},{"damage":2,"enemies":"2 Fungi Beasts","floor":5,"turns":4},{"damage":24,"enemies":"3 Sentries","floor":6,"turns":5},{"damage":32,"enemies":"Gremlin Nob","floor":8,"turns":4},{"damage":2,"enemies":"Lagavulin","floor":11,"turns":6},{"damage":20,"enemies":"3 Sentries","floor":13,"turns":5},{"damage":14,"enemies":"The Guardian","floor":16,"turns":14},{"damage":6,"enemies":"2 Thieves","floor":18,"turns":2},{"damage":5,"enemies":"3 Byrds","floor":20,"turns":3},{"damage":16,"enemies":"Colosseum Slavers","floor":22,"turns":5},{"damage":13,"enemies":"Colosseum Nobs","floor":22,"turns":4},{"damage":4,"enemies":"Book of Stabbing","floor":24,"turns":5},{"damage":21,"enemies":"Slavers","floor":27,"turns":3},{"damage":9,"enemies":"Centurion and Healer","floor":29,"turns":5},{"damage":0,"enemies":"Collector","floor":33,"turns":9},{"damage":0,"enemies":"3 Shapes","floor":35,"turns":4},{"damage":0,"enemies":"3 Darklings","floor":36,"turns":4},{"damage":0,"enemies":"Sphere and 2 Shapes","floor":38,"turns":7},{"damage":1,"enemies":"Jaw Worm Horde","floor":39,"turns":5},{"damage":0,"enemies":"Giant Head","floor":41,"turns":5},{"damage":0,"enemies":"4 Shapes","floor":42,"turns":7},{"damage":0,"enemies":"Nemesis","floor":45,"turns":7},{"damage":0,"enemies":"Reptomancer","floor":48,"turns":5},{"damage":0,"enemies":"Awakened One","floor":50,"turns":13},{"damage":28,"enemies":"Time Eater","floor":51,"turns":17},{"damage":0,"enemies":"Shield and Spear","floor":55,"turns":12},{"damage":44,"enemies":"The Heart","floor":56,"turns":8}],"seed_played":"-4185209854269257230","potions_obtained":[{"floor":5,"key":"GamblersBrew"},{"floor":6,"key":"SteroidPotion"},{"floor":11,"key":"SteroidPotion"},{"floor":20,"key":"PowerPotion"},{"floor":22,"key":"FearPotion"},{"floor":29,"key":"Block Potion"},{"floor":39,"key":"Dexterity Potion"},{"floor":41,"key":"LiquidBronze"}],"is_trial":false,"path_per_floor":["M","M","M","M","M","E","R","E","T","R","E","R","E","?","R","B",null,"M","$","M","?","?","R","E","R","T","E","?","M","R","$","R","B",null,"M","M","?","M","M","R","E","M","T","R","E","?","R","E","R","B","B",null,"R","$","E","B",null],"character_chosen":"DEFECT","items_purchased":["Symbiotic Virus","Steam+1","Go for the Eyes","Reprogram+1","Anchor","Stack+1","Coolheaded+1","Redo+1","FocusPotion"],"campfire_rested":4,"item_purchase_floors":[19,19,19,31,54,54,54,54,54],"current_hp_per_floor":[64,57,57,53,51,41,41,9,9,34,32,32,12,12,12,23,70,64,64,59,59,30,55,51,51,51,30,30,21,46,46,71,85,85,85,85,85,85,84,84,84,84,84,84,84,84,84,84,84,85,57,78,78,78,78,41],"gold":54,"neow_bonus":"REMOVE_CARD","is_prod":false,"is_daily":false,"chose_seed":false,"campfire_upgraded":8,"win_rate":0,"timestamp":1555369835,"path_taken":["M","M","?","?","M","E","R","E","T","R","E","R","E","?","R","BOSS","M","$","M","?","?","R","E","R","T","E","?","M","R","?","R","BOSS","M","M","?","M","M","R","E","M","T","R","E","?","R","E","R","BOSS","BOSS","R","$","E","BOSS"],"build_version":"2019-04-04","purchased_purges":1,"victory":true,"max_hp_per_floor":[71,71,71,71,71,85,85,85,85,85,85,85,85,85,85,85,85,85,85,85,85,85,85,85,85,85,85,85,85,85,85,85,85,85,85,85,85,85,85,85,85,85,85,85,85,85,85,85,85,85,85,85,85,85,85,85],"card_choices":[{"not_picked":["Leap","Rebound"],"picked":"Conserve Battery","floor":1},{"not_picked":["Go for the Eyes","Leap"],"picked":"Coolheaded","floor":2},{"not_picked":["Static Discharge","Beam Cell"],"picked":"Ball Lightning","floor":3},{"not_picked":["Lockon","Reprogram"],"picked":"Gash","floor":4},{"not_picked":["Melter","Redo"],"picked":"Sweeping Beam","floor":5},{"not_picked":["Streamline","Creative AI","Barrage"],"picked":"SKIP","floor":6},{"not_picked":["Redo","Heatsinks"],"picked":"Ball Lightning","floor":8},{"not_picked":["Steam+1","Melter"],"picked":"Coolheaded+1","floor":11},{"not_picked":["Sweeping Beam","Buffer"],"picked":"Glacier+1","floor":13},{"not_picked":["Meteor Strike","Machine Learning"],"picked":"Echo Form","floor":16},{"not_picked":["Cold Snap","Static Discharge"],"picked":"Beam Cell","floor":18},{"not_picked":["Blizzard","White Noise+1"],"picked":"Static Discharge+1","floor":20},{"not_picked":["Leap+1","Go for the Eyes"],"picked":"Hologram+1","floor":22},{"not_picked":["Steam+1","Gash"],"picked":"All For One","floor":24},{"not_picked":["BootSequence+1","Redo+1"],"picked":"Turbo+1","floor":27},{"not_picked":["Coolheaded+1","Rebound"],"picked":"Redo+1","floor":29},{"not_picked":["Echo Form","Reboot+1"],"picked":"Seek+1","floor":33},{"not_picked":["Streamline","Go for the Eyes","Rip and Tear"],"picked":"SKIP","floor":35},{"not_picked":["Beam Cell","Ball Lightning+1","Streamline"],"picked":"SKIP","floor":36},{"not_picked":["Double Energy+1","Leap+1"],"picked":"Recycle+1","floor":38},{"not_picked":["Reprogram+1","Redo+1"],"picked":"Hologram+1","floor":39},{"not_picked":["Stack+1","Self Repair"],"picked":"Consume+1","floor":41},{"not_picked":["Self Repair+1","Sweeping Beam"],"picked":"Fusion+1","floor":42},{"not_picked":["Stack+1","Steam+1"],"picked":"Creative AI","floor":45},{"not_picked":["Streamline+1","Go for the Eyes","Lockon"],"picked":"SKIP","floor":48},{"not_picked":["Streamline","Leap+1"],"picked":"Fission+1","floor":55}],"player_experience":5616713,"relics_obtained":[{"floor":6,"key":"Mango"},{"floor":8,"key":"Torii"},{"floor":9,"key":"Toxic Egg 2"},{"floor":11,"key":"Pantograph"},{"floor":13,"key":"Pen Nib"},{"floor":22,"key":"FossilizedHelix"},{"floor":22,"key":"Kunai"},{"floor":24,"key":"Ancient Tea Set"},{"floor":26,"key":"Centennial Puzzle"},{"floor":27,"key":"StoneCalendar"},{"floor":41,"key":"Mercury Hourglass"},{"floor":45,"key":"Bottled Lightning"},{"floor":48,"key":"The Courier"},{"floor":55,"key":"Bag of Marbles"}],"event_choices":[{"damage_healed":0,"gold_gain":0,"player_choice":"Ignored","damage_taken":0,"max_hp_gain":0,"max_hp_loss":0,"event_name":"Liars Game","floor":14,"gold_loss":0},{"damage_healed":0,"gold_gain":0,"player_choice":"Fight","damage_taken":0,"max_hp_gain":0,"max_hp_loss":0,"event_name":"Colosseum","floor":22,"gold_loss":0},{"damage_healed":0,"gold_gain":0,"player_choice":"Fought Nobs","damage_taken":0,"max_hp_gain":0,"max_hp_loss":0,"event_name":"Colosseum","floor":22,"gold_loss":0},{"damage_healed":0,"gold_gain":0,"cards_transformed":["Strike_B","Strike_B"],"player_choice":"Became Test Subject","damage_taken":0,"max_hp_gain":0,"max_hp_loss":0,"event_name":"Drug Dealer","floor":28,"gold_loss":0,"cards_obtained":["Heatsinks","Beam Cell"]},{"cards_removed":["Heatsinks"],"damage_healed":0,"gold_gain":0,"player_choice":"Removed Power","damage_taken":0,"max_hp_gain":0,"max_hp_loss":0,"event_name":"Falling","floor":37,"gold_loss":0},{"damage_healed":0,"gold_gain":0,"player_choice":"Copied","damage_taken":0,"max_hp_gain":0,"max_hp_loss":0,"event_name":"Duplicator","floor":46,"gold_loss":0,"cards_obtained":["Echo Form"]}],"is_beta":true,"boss_relics":[{"not_picked":["Inserter","Cursed Key"],"picked":"Runic Pyramid"},{"not_picked":["Tiny House","Nuclear Battery"],"picked":"Coffee Dripper"}],"items_purged_floors":[31],"is_endless":false,"potions_floor_spawned":[5,6,11,20,22,29,39,41,42,48,55],"ascension_level":20}