{"gold_per_floor":[111,131,141,141,160,188,25,44,90,90,120,120,136,171,171,247,247,262,262,262,273,283,310,310,338,338,38,49,61,72,84,84,157,157,172,172,172,185,199,227,227,262,286,286,305,331,349,349,349,349,349,349,349,61,90,90],"floor_reached":56,"playtime":5077,"items_purged":["Strike_G","Decay","Normality"],"score":2102,"play_id":"cee770a1-64dc-4093-91f6-6a5751181794","local_time":"20190422192310","is_ascension_mode":true,"campfire_choices":[{"data":"Dagger Throw","floor":10,"key":"SMITH"},{"data":"Footwork","floor":15,"key":"SMITH"},{"floor":24,"key":"REST"},{"data":"Caltrops","floor":32,"key":"SMITH"},{"floor":41,"key":"REST"},{"floor":44,"key":"RECALL"},{"floor":49,"key":"REST"},{"floor":53,"key":"REST"}],"neow_cost":"NONE","seed_source_timestamp":21560191351600,"circlet_count":0,"master_deck":["AscendersBane","Defend_G","Defend_G","Defend_G","Defend_G","Defend_G","Strike_G","Strike_G","Survivor","Neutralize","Dagger Throw+1","Dash+1","Terror","Leg Sweep","Footwork+1","PiercingWail","Wraith Form v2","Calculated Gamble","Backflip","Malaise+1","PiercingWail","Bullet Time","PiercingWail","Crippling Poison","Poisoned Stab","Backstab","Backflip","Well Laid Plans","PiercingWail+1","Quick Slash","Blur","Caltrops+1","Corpse Explosion","Bouncing Flask","Calculated Gamble","Venomology","Poisoned Stab","Noxious Fumes","Caltrops","Well Laid Plans"],"relics":["Ring of the Snake","Mango","Meat on the Bone","Potion Belt","Ancient Tea Set","PreservedInsect","Cursed Key","Mercury Hourglass","Centennial Puzzle","Fusion Hammer","Regal Pillow","Bottled Lightning","Orichalcum","Bottled Tornado"],"potions_floor_usage":[5,14,22,22,33,33,33,33,33,33,33,39,46,46,46,50,51,51,51,55,55,56,56,56],"damage_taken":[{"damage":0,"enemies":"Cultist","floor":1,"turns":4},{"damage":0,"enemies":"2 Louse","floor":2,"turns":2},{"damage":2,"enemies":"Jaw Worm","floor":3,"turns":5},{"damage":3,"enemies":"Blue Slaver","floor":5,"turns":5},{"damage":22,"enemies":"Gremlin Nob","floor":6,"turns":4},{"damage":15,"enemies":"3 Louse","floor":8,"turns":6},{"damage":37,"enemies":"Lagavulin","floor":11,"turns":9},{"damage":4,"enemies":"Lots of Slimes","floor":13,"turns":7},{"damage":12,"enemies":"3 Sentries","floor":14,"turns":10},{"damage":15,"enemies":"The Guardian","floor":16,"turns":17},{"damage":4,"enemies":"Chosen","floor":18,"turns":5},{"damage":5,"enemies":"Spheric Guardian","floor":21,"turns":9},{"damage":10,"enemies":"Chosen and Byrds","floor":22,"turns":6},{"damage":43,"enemies":"Slavers","floor":23,"turns":12},{"damage":40,"enemies":"Gremlin Leader","floor":25,"turns":5},{"damage":4,"enemies":"Shelled Parasite and Fungi","floor":28,"turns":7},{"damage":0,"enemies":"Centurion and Healer","floor":29,"turns":8},{"damage":17,"enemies":"3 Cultists","floor":30,"turns":8},{"damage":20,"enemies":"Chosen and Byrds","floor":31,"turns":9},{"damage":17,"enemies":"Champ","floor":33,"turns":14},{"damage":7,"enemies":"3 Darklings","floor":35,"turns":3},{"damage":1,"enemies":"3 Shapes","floor":38,"turns":4},{"damage":14,"enemies":"Transient","floor":39,"turns":6},{"damage":15,"enemies":"Reptomancer","floor":40,"turns":6},{"damage":0,"enemies":"Nemesis","floor":42,"turns":11},{"damage":8,"enemies":"4 Shapes","floor":45,"turns":5},{"damage":12,"enemies":"Giant Head","floor":46,"turns":6},{"damage":7,"enemies":"Maw","floor":47,"turns":9},{"damage":49,"enemies":"Time Eater","floor":50,"turns":19},{"damage":41,"enemies":"Donu and Deca","floor":51,"turns":9},{"damage":22,"enemies":"Shield and Spear","floor":55,"turns":9},{"damage":100,"enemies":"The Heart","floor":56,"turns":11}],"seed_played":"-2604515449239061363","potions_obtained":[{"floor":2,"key":"Regen Potion"},{"floor":3,"key":"LiquidBronze"},{"floor":5,"key":"Regen Potion"},{"floor":6,"key":"Swift Potion"},{"floor":11,"key":"Strength Potion"},{"floor":18,"key":"LiquidBronze"},{"floor":25,"key":"SteroidPotion"},{"floor":30,"key":"Strength Potion"},{"floor":33,"key":"Poison Potion"},{"floor":37,"key":"FearPotion"},{"floor":37,"key":"Weak Potion"},{"floor":39,"key":"AttackPotion"},{"floor":42,"key":"Regen Potion"},{"floor":46,"key":"Fire Potion"},{"floor":55,"key":"FairyPotion"}],"is_trial":false,"path_per_floor":["M","M","M","?","M","E","$","M","T","R","E","?","M","E","R","B",null,"M","?","?","M","M","E","R","E","T","$","M","M","M","M","R","B",null,"M","?","?","M","M","E","R","E","T","R","M","E","M","?","R","B","B",null,"R","$","E","B"],"character_chosen":"THE_SILENT","items_purchased":["Footwork","Well Laid Plans","EntropicBrew","PowerPotion","SpeedPotion","Block Potion"],"campfire_rested":4,"item_purchase_floors":[7,27,27,54,54,54],"current_hp_per_floor":[65,65,63,66,77,55,55,52,52,52,27,27,35,35,35,32,73,69,69,69,64,54,23,48,20,20,20,28,40,35,27,27,22,70,63,63,63,62,48,45,85,85,85,85,77,65,58,58,82,52,23,67,82,82,60,0],"gold":90,"neow_bonus":"TEN_PERCENT_HP_BONUS","is_prod":false,"is_daily":false,"chose_seed":false,"campfire_upgraded":3,"win_rate":0,"timestamp":1555986190,"path_taken":["M","?","M","?","M","E","$","M","T","R","E","?","M","E","R","BOSS","M","?","?","M","?","E","R","E","T","$","M","M","M","M","R","BOSS","M","?","?","M","M","E","R","E","T","R","?","E","M","?","R","BOSS","BOSS","R","$","E","BOSS"],"build_version":"2019-04-21","purchased_purges":3,"victory":false,"max_hp_per_floor":[72,72,72,86,86,86,86,86,86,86,86,86,86,86,86,86,86,86,86,86,86,86,86,86,86,86,86,86,86,86,86,86,86,86,86,86,86,86,86,86,86,86,86,86,86,86,86,82,82,82,82,82,82,82,82,82],"card_choices":[{"not_picked":["Slice","Outmaneuver"],"picked":"Dagger Throw","floor":1},{"not_picked":["Quick Slash","Choke"],"picked":"Dash","floor":2},{"not_picked":["Blade Dance","Outmaneuver"],"picked":"Terror","floor":3},{"not_picked":["Poisoned Stab","Dash"],"picked":"Leg Sweep","floor":5},{"not_picked":["Distraction","Blade Dance","All Out Attack"],"picked":"SKIP","floor":6},{"not_picked":["Cloak And Dagger","Poisoned Stab"],"picked":"PiercingWail","floor":8},{"not_picked":["Dodge and Roll","Reflex"],"picked":"Wraith Form v2","floor":11},{"not_picked":["Bane","Slice"],"picked":"Calculated Gamble","floor":13},{"not_picked":["Cloak And Dagger","Dagger Throw"],"picked":"Backflip","floor":14},{"not_picked":["Night Terror","Doppelganger"],"picked":"Malaise","floor":16},{"not_picked":["Slice","Underhanded Strike"],"picked":"PiercingWail","floor":18},{"not_picked":["Heel Hook+1","Blur"],"picked":"Crippling Poison","floor":21},{"not_picked":["Flying Knee","Escape Plan"],"picked":"Poisoned Stab","floor":22},{"not_picked":["Choke","Slice"],"picked":"Backstab","floor":23},{"not_picked":["Masterful Stab+1","All Out Attack"],"picked":"Backflip","floor":25},{"not_picked":["Slice","Blade Dance"],"picked":"PiercingWail+1","floor":28},{"not_picked":["Slice","Underhanded Strike"],"picked":"Quick Slash","floor":29},{"not_picked":["Finisher","Slice"],"picked":"Blur","floor":30},{"not_picked":["Underhanded Strike","Dagger Spray"],"picked":"Caltrops","floor":31},{"not_picked":["Die Die Die","Envenom"],"picked":"Corpse Explosion","floor":33},{"not_picked":["Quick Slash","Poisoned Stab","Deflect"],"picked":"SKIP","floor":35},{"not_picked":["Bane","Slice","Concentrate"],"picked":"SKIP","floor":38},{"not_picked":["Backstab","Cloak And Dagger+1"],"picked":"Bouncing Flask","floor":39},{"not_picked":["Distraction+1","Deflect"],"picked":"Calculated Gamble","floor":40},{"not_picked":["Outmaneuver","Flying Knee"],"picked":"Venomology","floor":42},{"not_picked":["Sucker Punch+1","Prepared"],"picked":"Poisoned Stab","floor":45},{"not_picked":["Acrobatics","Calculated Gamble"],"picked":"Noxious Fumes","floor":46},{"not_picked":["Cloak And Dagger","Die Die Die"],"picked":"Caltrops","floor":47},{"not_picked":["Outmaneuver","Blade Dance"],"picked":"Well Laid Plans","floor":55}],"player_experience":5777185,"relics_obtained":[{"floor":6,"key":"Meat on the Bone"},{"floor":9,"key":"Potion Belt"},{"floor":11,"key":"Ancient Tea Set"},{"floor":14,"key":"PreservedInsect"},{"floor":23,"key":"Mercury Hourglass"},{"floor":26,"key":"Centennial Puzzle"},{"floor":40,"key":"Regal Pillow"},{"floor":42,"key":"Bottled Lightning"},{"floor":46,"key":"Orichalcum"},{"floor":55,"key":"Bottled Tornado"}],"event_choices":[{"damage_healed":0,"gold_gain":0,"player_choice":"Success","damage_taken":11,"relics_obtained":["Mango"],"max_hp_gain":0,"max_hp_loss":0,"event_name":"Scrap Ooze","floor":4,"gold_loss":0},{"damage_healed":0,"gold_gain":0,"player_choice":"Grow","damage_taken":0,"max_hp_gain":0,"max_hp_loss":0,"event_name":"Living Wall","floor":12,"gold_loss":0,"cards_upgraded":["Dash"]},{"damage_healed":0,"gold_gain":0,"cards_transformed":["Strike_G","Strike_G"],"player_choice":"Became Test Subject","damage_taken":0,"max_hp_gain":0,"max_hp_loss":0,"event_name":"Drug Dealer","floor":19,"gold_loss":0,"cards_obtained":["Bullet Time","PiercingWail"]},{"damage_healed":0,"gold_gain":0,"player_choice":"Upgraded","damage_taken":0,"max_hp_gain":0,"max_hp_loss":0,"event_name":"Upgrade Shrine","floor":20,"gold_loss":0,"cards_upgraded":["Malaise"]},{"damage_healed":0,"gold_gain":0,"player_choice":"Ignored","damage_taken":0,"max_hp_gain":0,"max_hp_loss":0,"event_name":"Tomb of Lord Red Mask","floor":36,"gold_loss":0},{"damage_healed":0,"gold_gain":0,"player_choice":"Got Potions","damage_taken":0,"max_hp_gain":0,"max_hp_loss":0,"event_name":"Lab","floor":37,"gold_loss":0},{"damage_healed":0,"gold_gain":0,"player_choice":"Max HP","damage_taken":0,"max_hp_gain":0,"max_hp_loss":4,"event_name":"Winding Halls","floor":48,"gold_loss":0}],"is_beta":true,"boss_relics":[{"not_picked":["Ring of the Serpent","Orrery"],"picked":"Cursed Key"},{"not_picked":["Runic Dome","Sozu"],"picked":"Fusion Hammer"}],"items_purged_floors":[7,27,54],"is_endless":false,"potions_floor_spawned":[2,3,5,6,11,18,25,30,33,39,42,46,47,55],"killed_by":"The Heart","ascension_level":20}