{"gold_per_floor":[114,114,126,51,51,86,86,99,99,113,144,156,199,191,203,215],"floor_reached":16,"playtime":659,"items_purged":["Strike_R"],"score":236,"play_id":"9fd031ff-6644-4bde-af90-bad6e2619100","local_time":"20190420213820","is_ascension_mode":true,"campfire_choices":[{"data":"Sword Boomerang","floor":7,"key":"SMITH"},{"data":"Clothesline","floor":12,"key":"SMITH"},{"data":"Hemokinesis","floor":15,"key":"SMITH"}],"neow_cost":"NONE","seed_source_timestamp":115844619974305,"circlet_count":0,"master_deck":["AscendersBane","Strike_R","Strike_R","Strike_R","Defend_R","Defend_R","Defend_R","Defend_R","Bash+1","Rampage","Sword Boomerang+1","Armaments","Anger","Hemokinesis+1","Clothesline+1"],"relics":["Burning Blood","Gremlin Horn","Mango","MawBank","Dream Catcher"],"potions_floor_usage":[6,11,16,16],"damage_taken":[{"damage":8,"enemies":"2 Louse","floor":1,"turns":4},{"damage":8,"enemies":"Small Slimes","floor":3,"turns":5},{"damage":25,"enemies":"Lagavulin","floor":6,"turns":7},{"damage":1,"enemies":"Cultist","floor":8,"turns":3},{"damage":10,"enemies":"Looter","floor":10,"turns":4},{"damage":22,"enemies":"3 Sentries","floor":11,"turns":9},{"damage":18,"enemies":"Lagavulin","floor":13,"turns":6},{"damage":40,"enemies":"The Guardian","floor":16,"turns":8}],"seed_played":"893976773027139346","potions_obtained":[{"floor":1,"key":"Weak Potion"},{"floor":8,"key":"Block Potion"},{"floor":10,"key":"SteroidPotion"},{"floor":13,"key":"SkillPotion"},{"floor":14,"key":"Strength Potion"}],"is_trial":false,"path_per_floor":["M","?","M","$","?","E","R","M","T","M","E","R","E","?","R","B"],"character_chosen":"IRONCLAD","items_purchased":[],"campfire_rested":0,"item_purchase_floors":[],"current_hp_per_floor":[66,66,64,64,69,50,50,55,69,65,49,49,37,37,37,0],"gold":215,"neow_bonus":"UPGRADE_CARD","is_prod":false,"is_daily":false,"chose_seed":false,"campfire_upgraded":3,"win_rate":0,"timestamp":1555821500,"path_taken":["M","?","M","$","?","E","R","M","T","M","E","R","E","?","R","BOSS"],"build_version":"2019-04-20","purchased_purges":1,"victory":false,"max_hp_per_floor":[75,75,75,75,80,80,80,80,94,94,94,94,94,94,94,94],"card_choices":[{"not_picked":["Fire Breathing","Warcry"],"picked":"Rampage","floor":1},{"not_picked":["Evolve","Perfected Strike"],"picked":"Sword Boomerang","floor":3},{"not_picked":["Warcry","Seeing Red"],"picked":"Armaments","floor":6},{"not_picked":["Havoc","Perfected Strike"],"picked":"Anger","floor":8},{"not_picked":["Power Through","Sword Boomerang"],"picked":"Hemokinesis","floor":10},{"not_picked":["Flex","Corruption"],"picked":"Clothesline","floor":11},{"not_picked":["Thunderclap","Hemokinesis","Anger"],"picked":"SKIP","floor":13}],"player_experience":5745469,"relics_obtained":[{"floor":6,"key":"Gremlin Horn"},{"floor":9,"key":"Mango"},{"floor":11,"key":"MawBank"},{"floor":13,"key":"Dream Catcher"}],"event_choices":[{"cards_removed":["Strike_R"],"damage_healed":0,"gold_gain":0,"player_choice":"Forget","damage_taken":0,"max_hp_gain":0,"max_hp_loss":0,"event_name":"Living Wall","floor":2,"gold_loss":0},{"damage_healed":0,"gold_gain":0,"player_choice":"Donut","damage_taken":0,"max_hp_gain":5,"max_hp_loss":0,"event_name":"Big Fish","floor":5,"gold_loss":0},{"damage_healed":0,"gold_gain":0,"player_choice":"Bought 1 Potion","damage_taken":0,"max_hp_gain":0,"max_hp_loss":0,"event_name":"The Woman in Blue","floor":14,"gold_loss":0}],"is_beta":true,"boss_relics":[],"items_purged_floors":[4],"is_endless":false,"potions_floor_spawned":[1,8,10,13],"killed_by":"The Guardian","ascension_level":20}