{"gold_per_floor":[213,46,66,66,66,66,94,94,94,94,122,18,28,59,59,131,131,143,54,54,65,65,95,95,106,106,132,145,175,175,189,189,266,266,285,285,285,304,321,321,348,366,366,385,418,438,438,464,464,464,464,464,464,4,36,36],"floor_reached":57,"playtime":6012,"items_purged":["Bite"],"score":3286,"play_id":"e6b9f827-369f-4418-8d99-af248f1b64b8","local_time":"20190420231913","is_ascension_mode":true,"campfire_choices":[{"data":"Riddle With Holes","floor":6,"key":"SMITH"},{"data":"Neutralize","floor":8,"key":"SMITH"},{"floor":10,"key":"REST"},{"floor":15,"key":"REST"},{"data":"Noxious Fumes","floor":24,"key":"SMITH"},{"data":"Footwork","floor":32,"key":"SMITH"},{"data":"Malaise","floor":40,"key":"SMITH"},{"floor":49,"key":"RECALL"},{"data":"Well Laid Plans","floor":53,"key":"SMITH"}],"neow_cost":"NONE","seed_source_timestamp":116531345890501,"circlet_count":0,"master_deck":["AscendersBane","Defend_G","Defend_G+1","Defend_G+1","Defend_G","Defend_G","Survivor","Neutralize+1","Dagger Throw","Riddle With Holes+1","Backflip","Malaise+1","PiercingWail","Calculated Gamble+1","PiercingWail","Backflip","Noxious Fumes+1","Bite","Bite","Bite","Escape Plan","Poisoned Stab+1","Crippling Poison","Dodge and Roll","Footwork+1","Night Terror","Dodge and Roll","Backflip+1","PiercingWail+1","Deadly Poison","Corpse Explosion","Well Laid Plans+1","Malaise+1","Wraith Form v2"],"relics":["Ring of the Snake","Orichalcum","Nunchaku","Tough Bandages","Bag of Preparation","War Paint","Philosopher\u0027s Stone","Oddly Smooth Stone","FossilizedHelix","Dodecahedron","Cursed Key","Boot","PreservedInsect","Mango","Snake Skull","DollysMirror","Unceasing Top"],"potions_floor_usage":[16,23,33,33,41,42,56,56,56,56],"damage_taken":[{"damage":0,"enemies":"2 Louse","floor":1,"turns":3},{"damage":6,"enemies":"Jaw Worm","floor":3,"turns":4},{"damage":37,"enemies":"3 Sentries","floor":7,"turns":18},{"damage":28,"enemies":"Gremlin Nob","floor":11,"turns":5},{"damage":0,"enemies":"Small Slimes","floor":13,"turns":3},{"damage":7,"enemies":"3 Sentries","floor":14,"turns":11},{"damage":17,"enemies":"Slime Boss","floor":16,"turns":19},{"damage":0,"enemies":"3 Byrds","floor":18,"turns":7},{"damage":1,"enemies":"Chosen","floor":21,"turns":6},{"damage":7,"enemies":"Book of Stabbing","floor":23,"turns":6},{"damage":16,"enemies":"Centurion and Healer","floor":25,"turns":8},{"damage":18,"enemies":"Gremlin Leader","floor":27,"turns":7},{"damage":0,"enemies":"Chosen and Byrds","floor":28,"turns":6},{"damage":1,"enemies":"Slavers","floor":29,"turns":6},{"damage":0,"enemies":"Shelled Parasite and Fungi","floor":31,"turns":5},{"damage":12,"enemies":"Collector","floor":33,"turns":12},{"damage":0,"enemies":"3 Shapes","floor":35,"turns":7},{"damage":0,"enemies":"Orb Walker","floor":38,"turns":5},{"damage":0,"enemies":"4 Shapes","floor":39,"turns":6},{"damage":45,"enemies":"Reptomancer","floor":41,"turns":11},{"damage":0,"enemies":"Spire Growth","floor":42,"turns":14},{"damage":0,"enemies":"Maw","floor":44,"turns":8},{"damage":0,"enemies":"Nemesis","floor":45,"turns":8},{"damage":5,"enemies":"Transient","floor":46,"turns":6},{"damage":0,"enemies":"Giant Head","floor":48,"turns":11},{"damage":0,"enemies":"Awakened One","floor":50,"turns":22},{"damage":0,"enemies":"Donu and Deca","floor":51,"turns":10},{"damage":4,"enemies":"Shield and Spear","floor":55,"turns":7},{"damage":0,"enemies":"The Heart","floor":56,"turns":15}],"seed_played":"-2397858182379596145","potions_obtained":[{"floor":7,"key":"Energy Potion"},{"floor":16,"key":"LiquidBronze"},{"floor":18,"key":"SteroidPotion"},{"floor":23,"key":"Dexterity Potion"},{"floor":29,"key":"Poison Potion"},{"floor":33,"key":"Swift Potion"},{"floor":35,"key":"PowerPotion"},{"floor":42,"key":"GhostInAJar"},{"floor":45,"key":"Weak Potion"},{"floor":48,"key":"EntropicBrew"}],"is_trial":false,"path_per_floor":["M","$","M","?","?","R","E","R","T","R","E","$","M","E","R","B",null,"M","$","?","M","?","E","R","M","T","E","M","E","?","M","R","B",null,"M","?","?","M","M","R","E","M","T","M","E","M","?","E","R","B","B",null,"R","$","E","B",null],"character_chosen":"THE_SILENT","items_purchased":["Orichalcum","SteroidPotion","PiercingWail","Noxious Fumes","Snake Skull","DollysMirror"],"campfire_rested":2,"item_purchase_floors":[2,12,12,19,54,54],"current_hp_per_floor":[59,59,53,58,58,58,21,21,21,42,14,14,14,7,28,11,56,56,56,49,49,49,49,49,41,41,43,49,49,49,49,49,45,48,49,47,47,47,47,47,18,47,47,47,47,47,47,61,61,61,61,61,61,61,61,61],"gold":36,"neow_bonus":"HUNDRED_GOLD","is_prod":false,"is_daily":false,"chose_seed":false,"campfire_upgraded":6,"win_rate":0,"timestamp":1555827553,"path_taken":["M","$","M","?","?","R","E","R","T","R","E","?","M","E","R","BOSS","M","$","?","M","?","E","R","M","T","E","M","E","?","M","R","BOSS","M","?","?","?","M","R","E","M","T","M","E","M","?","E","R","BOSS","BOSS","R","$","E","BOSS"],"build_version":"2019-04-20","purchased_purges":1,"victory":true,"max_hp_per_floor":[66,66,66,71,71,71,71,71,71,71,71,71,71,71,71,71,71,71,71,49,49,49,49,49,49,49,49,49,49,49,49,49,49,49,49,47,47,47,47,47,47,47,47,47,47,47,47,61,61,61,61,61,61,61,61,61],"card_choices":[{"not_picked":["Blade Dance","Dodge and Roll"],"picked":"Dagger Throw","floor":1},{"not_picked":["Prepared","Backflip"],"picked":"Riddle With Holes","floor":3},{"not_picked":["Prepared","Riddle With Holes"],"picked":"Backflip","floor":7},{"not_picked":["Prepared","Quick Slash"],"picked":"Malaise","floor":11},{"not_picked":["Blade Dance","Flying Knee"],"picked":"Calculated Gamble","floor":13},{"not_picked":["Deflect","Outmaneuver"],"picked":"PiercingWail","floor":14},{"not_picked":["Poisoned Stab","Outmaneuver+1"],"picked":"Backflip","floor":18},{"not_picked":["Prepared+1","Flying Knee"],"picked":"Escape Plan","floor":21},{"not_picked":["Prepared","Heel Hook+1"],"picked":"Poisoned Stab+1","floor":23},{"not_picked":["Dagger Spray","Flying Knee"],"picked":"Crippling Poison","floor":25},{"not_picked":["Sucker Punch","Dagger Throw","Prepared"],"picked":"SKIP","floor":27},{"not_picked":["Cloak And Dagger","Riddle With Holes","Blade Dance"],"picked":"SKIP","floor":28},{"not_picked":["Infinite Blades","Prepared"],"picked":"Dodge and Roll","floor":29},{"not_picked":["Backflip","Predator"],"picked":"Footwork","floor":31},{"not_picked":["Envenom","Glass Knife"],"picked":"Night Terror","floor":33},{"not_picked":["Quick Slash","Dagger Spray","Deflect"],"picked":"SKIP","floor":35},{"not_picked":["Sucker Punch+1","Skewer"],"picked":"Dodge and Roll","floor":38},{"not_picked":["Bane+1","A Thousand Cuts"],"picked":"Backflip+1","floor":39},{"not_picked":["Crippling Poison","Deflect"],"picked":"PiercingWail+1","floor":41},{"not_picked":["Setup","Quick Slash"],"picked":"Deadly Poison","floor":42},{"not_picked":["Deflect","Blade Dance+1","Dagger Throw+1"],"picked":"SKIP","floor":44},{"not_picked":["Bane","Flying Knee"],"picked":"Corpse Explosion","floor":45},{"not_picked":["Eviscerate+1","Outmaneuver"],"picked":"Well Laid Plans","floor":46},{"not_picked":["All Out Attack","Die Die Die","Expertise"],"picked":"SKIP","floor":48},{"not_picked":["After Image","Underhanded Strike"],"picked":"Wraith Form v2","floor":55}],"player_experience":5746128,"relics_obtained":[{"floor":7,"key":"Nunchaku"},{"floor":9,"key":"Tough Bandages"},{"floor":11,"key":"Bag of Preparation"},{"floor":14,"key":"War Paint"},{"floor":23,"key":"Oddly Smooth Stone"},{"floor":27,"key":"FossilizedHelix"},{"floor":29,"key":"Dodecahedron"},{"floor":41,"key":"Boot"},{"floor":45,"key":"PreservedInsect"},{"floor":48,"key":"Mango"},{"floor":55,"key":"Unceasing Top"}],"event_choices":[{"damage_healed":0,"gold_gain":0,"player_choice":"Donut","damage_taken":0,"max_hp_gain":5,"max_hp_loss":0,"event_name":"Big Fish","floor":4,"gold_loss":0},{"damage_healed":0,"gold_gain":0,"player_choice":"Ignored","damage_taken":0,"max_hp_gain":0,"max_hp_loss":0,"event_name":"Liars Game","floor":5,"gold_loss":0},{"damage_healed":0,"gold_gain":0,"player_choice":"Became a vampire","damage_taken":0,"max_hp_gain":0,"max_hp_loss":22,"event_name":"Vampires","floor":20,"gold_loss":0,"cards_obtained":["Bite","Bite","Bite","Bite","Bite"]},{"damage_healed":0,"gold_gain":0,"player_choice":"Ignored","damage_taken":0,"max_hp_gain":0,"max_hp_loss":0,"event_name":"Beggar","floor":22,"gold_loss":0},{"cards_removed":["Bite"],"damage_healed":5,"gold_gain":0,"player_choice":"Offered Special","damage_taken":0,"max_hp_gain":0,"max_hp_loss":0,"event_name":"Bonfire Elementals","floor":30,"gold_loss":0},{"damage_healed":0,"gold_gain":0,"player_choice":"Max HP","damage_taken":0,"max_hp_gain":0,"max_hp_loss":2,"event_name":"Winding Halls","floor":36,"gold_loss":0},{"damage_healed":0,"gold_gain":0,"player_choice":"Upgraded","damage_taken":0,"max_hp_gain":0,"max_hp_loss":0,"event_name":"Upgrade Shrine","floor":37,"gold_loss":0,"cards_upgraded":["Calculated Gamble"]},{"damage_healed":0,"gold_gain":0,"player_choice":"Ignored","damage_taken":0,"max_hp_gain":0,"max_hp_loss":0,"event_name":"Tomb of Lord Red Mask","floor":47,"gold_loss":0}],"is_beta":true,"boss_relics":[{"not_picked":["Orrery","Ectoplasm"],"picked":"Philosopher\u0027s Stone"},{"not_picked":["Sozu","Calling Bell"],"picked":"Cursed Key"}],"items_purged_floors":[54],"is_endless":false,"potions_floor_spawned":[7,16,18,23,27,28,29,33,35,42,45,46,48],"ascension_level":20}