{"gold_per_floor":[363,513,24,38,57,57,73,103,103,159,159,159,159,189,189,260,260,273,284,297,4,23,23,23,23,23,23,23,23,33,51,51,124,124,134,146,0,13,13,13],"floor_reached":40,"playtime":3080,"items_purged":["Doubt"],"score":892,"play_id":"86991d01-b399-4ada-827b-c02dc7823b44","local_time":"20190418160523","is_ascension_mode":true,"campfire_choices":[{"data":"Zap","floor":6,"key":"SMITH"},{"data":"Darkness","floor":11,"key":"SMITH"},{"floor":13,"key":"REST"},{"data":"Coolheaded","floor":15,"key":"SMITH"},{"data":"Blind","floor":23,"key":"SMITH"},{"data":"Doom and Gloom","floor":25,"key":"SMITH"},{"data":"Strike_B","floor":27,"key":"PURGE"},{"data":"Strike_B","floor":29,"key":"PURGE"},{"data":"Strike_B","floor":32,"key":"PURGE"}],"neow_cost":"PERCENT_DAMAGE","seed_source_timestamp":315820197100936,"circlet_count":0,"master_deck":["AscendersBane","Strike_B","Defend_B","Defend_B","Defend_B","Defend_B","Zap+1","Dualcast","Compile Driver","Self Repair","Undo","Doom and Gloom+1","FTL","Darkness+1","Coolheaded+1","Seek","Double Energy","Cold Snap+1","Steam","Conserve Battery","Blind+1","Hologram","Hologram","Seek","Coolheaded+1","White Noise","Fusion"],"relics":["Cracked Core","Incense Burner","Bag of Marbles","Strawberry","Dodecahedron","CultistMask","Potion Belt","Runic Pyramid","Happy Flower","Peace Pipe","Black Star","Red Mask"],"potions_floor_usage":[7,33,33],"damage_taken":[{"damage":4,"enemies":"Small Slimes","floor":1,"turns":3},{"damage":19,"enemies":"Jaw Worm","floor":4,"turns":4},{"damage":2,"enemies":"2 Louse","floor":5,"turns":5},{"damage":32,"enemies":"Gremlin Gang","floor":7,"turns":4},{"damage":8,"enemies":"Lagavulin","floor":8,"turns":7},{"damage":12,"enemies":"3 Sentries","floor":10,"turns":4},{"damage":24,"enemies":"3 Sentries","floor":14,"turns":9},{"damage":0,"enemies":"Slime Boss","floor":16,"turns":6},{"damage":12,"enemies":"2 Thieves","floor":18,"turns":5},{"damage":27,"enemies":"Shell Parasite","floor":19,"turns":6},{"damage":9,"enemies":"Snecko","floor":20,"turns":5},{"damage":5,"enemies":"3 Cultists","floor":22,"turns":4},{"damage":0,"enemies":"Shelled Parasite and Fungi","floor":30,"turns":6},{"damage":2,"enemies":"Snake Plant","floor":31,"turns":3},{"damage":30,"enemies":"Champ","floor":33,"turns":13},{"damage":0,"enemies":"3 Shapes","floor":35,"turns":8},{"damage":0,"enemies":"3 Darklings","floor":36,"turns":12},{"damage":37,"enemies":"Maw","floor":38,"turns":9},{"damage":44,"enemies":"Reptomancer","floor":40,"turns":7}],"seed_played":"2595142769462195382","potions_obtained":[{"floor":1,"key":"SkillPotion"},{"floor":10,"key":"PowerPotion"},{"floor":16,"key":"SmokeBomb"},{"floor":30,"key":"Ancient Potion"},{"floor":33,"key":"Swift Potion"}],"is_trial":false,"path_per_floor":["M","?","$","M","M","R","M","E","T","?","R","?","R","E","R","B",null,"M","M","M","$","M","R","?","R","T","R","?","R","M","M","R","B",null,"M","M","?","M","?","E"],"character_chosen":"DEFECT","items_purchased":["Incense Burner","Self Repair","Happy Flower","Conserve Battery","Blind"],"campfire_rested":1,"item_purchase_floors":[3,3,21,21,21],"current_hp_per_floor":[42,42,42,30,35,35,10,9,16,11,11,11,34,17,17,24,65,60,40,38,38,33,33,33,33,33,33,33,33,40,45,45,22,64,64,71,71,41,41,0],"gold":13,"neow_bonus":"TWO_FIFTY_GOLD","is_prod":false,"is_daily":false,"chose_seed":false,"campfire_upgraded":5,"win_rate":0,"timestamp":1555628723,"path_taken":["M","?","$","M","M","R","M","E","T","?","R","?","R","E","R","BOSS","M","?","M","$","M","R","?","R","T","R","?","R","M","M","R","BOSS","M","M","?","M","?","E"],"build_version":"2019-04-04","purchased_purges":1,"victory":false,"max_hp_per_floor":[71,71,71,71,71,71,71,71,78,78,78,78,78,78,78,78,78,78,78,78,78,78,78,78,78,78,78,78,78,78,78,78,78,78,78,78,78,78,74,74],"card_choices":[{"not_picked":["Turbo","Chill"],"picked":"Compile Driver","floor":1},{"not_picked":["Self Repair","Hello World"],"picked":"Undo","floor":4},{"not_picked":["Force Field","Conserve Battery"],"picked":"Doom and Gloom","floor":5},{"not_picked":["Beam Cell","Barrage"],"picked":"FTL","floor":7},{"not_picked":["Turbo","Hello World"],"picked":"Darkness","floor":8},{"not_picked":["Force Field","Darkness"],"picked":"Coolheaded","floor":10},{"not_picked":["Compile Driver","Creative AI","Steam"],"picked":"SKIP","floor":14},{"not_picked":["Hyperbeam","Core Surge"],"picked":"Seek","floor":16},{"not_picked":["Gash","Streamline"],"picked":"Double Energy","floor":18},{"not_picked":["Steam Power","Reboot"],"picked":"Cold Snap+1","floor":19},{"not_picked":["Streamline","Ball Lightning"],"picked":"Steam","floor":20},{"not_picked":["Undo","Rebound","Streamline+1"],"picked":"SKIP","floor":22},{"not_picked":["Turbo","All For One"],"picked":"Hologram","floor":30},{"not_picked":["Gash+1","Beam Cell"],"picked":"Hologram","floor":31},{"not_picked":["Hyperbeam","Rainbow"],"picked":"Seek","floor":33},{"not_picked":["Conserve Battery+1","Melter+1"],"picked":"Coolheaded+1","floor":35},{"not_picked":["Reinforced Body","Hello World"],"picked":"White Noise","floor":36},{"not_picked":["Leap","Coolheaded+1"],"picked":"Fusion","floor":38}],"player_experience":5689338,"relics_obtained":[{"floor":8,"key":"Bag of Marbles"},{"floor":9,"key":"Strawberry"},{"floor":10,"key":"Dodecahedron"},{"floor":14,"key":"Potion Belt"},{"floor":26,"key":"Peace Pipe"}],"event_choices":[{"damage_healed":0,"gold_gain":150,"player_choice":"AGREE","damage_taken":0,"max_hp_gain":0,"max_hp_loss":0,"event_name":"Liars Game","floor":2,"gold_loss":0,"cards_obtained":["Doubt"]},{"damage_healed":0,"gold_gain":0,"player_choice":"Searched \u00271\u0027 times","damage_taken":0,"max_hp_gain":0,"max_hp_loss":0,"event_name":"Dead Adventurer","floor":10,"gold_loss":0},{"damage_healed":0,"gold_gain":0,"player_choice":"Trade","damage_taken":0,"relics_obtained":["CultistMask"],"max_hp_gain":0,"max_hp_loss":0,"event_name":"FaceTrader","floor":12,"gold_loss":0},{"damage_healed":0,"gold_gain":0,"player_choice":"Ignored","damage_taken":0,"max_hp_gain":0,"max_hp_loss":0,"event_name":"Beggar","floor":24,"gold_loss":0},{"damage_healed":0,"gold_gain":0,"player_choice":"Ignored","damage_taken":0,"max_hp_gain":0,"max_hp_loss":0,"event_name":"Vampires","floor":28,"gold_loss":0},{"damage_healed":0,"gold_gain":0,"player_choice":"Paid","damage_taken":0,"relics_obtained":["Red Mask"],"max_hp_gain":0,"max_hp_loss":0,"event_name":"Tomb of Lord Red Mask","floor":37,"gold_loss":146},{"damage_healed":0,"gold_gain":0,"player_choice":"Max HP","damage_taken":0,"max_hp_gain":0,"max_hp_loss":4,"event_name":"Winding Halls","floor":39,"gold_loss":0}],"is_beta":true,"boss_relics":[{"not_picked":["Sozu","Empty Cage"],"picked":"Runic Pyramid"},{"not_picked":["Tiny House","Eternal Feather"],"picked":"Black Star"}],"items_purged_floors":[3],"is_endless":false,"potions_floor_spawned":[1,10,16,30,33],"killed_by":"Reptomancer","ascension_level":20}