{"gold_per_floor":[363,381,7,7,32,32,32,63,63,77,101,116,13,27,27,123,123,136,136,136,44,40,40,40,40,87,87,87,121,140,174,174,267,267,287,620,280,299,1298,1328,1346,1375,1375,1394,1411,901,936,622,622,622,622,622,622,8,38,38],"floor_reached":57,"playtime":3871,"items_purged":["Strike_R","Strike_R","Anger","Strike_R+1","Strike_R+1","Strike_R+1"],"score":2750,"play_id":"52e661ee-9e8a-4b25-bfa4-02bac2e7a9b2","local_time":"20190417114257","is_ascension_mode":true,"campfire_choices":[{"data":"Bash","floor":7,"key":"SMITH"},{"data":"Demon Form","floor":15,"key":"SMITH"},{"floor":23,"key":"DIG"},{"floor":25,"key":"DIG"},{"floor":27,"key":"DIG"},{"data":"Limit Break","floor":32,"key":"SMITH"},{"floor":49,"key":"RECALL"},{"floor":53,"key":"DIG"}],"neow_cost":"PERCENT_DAMAGE","seed_source_timestamp":212863205820164,"circlet_count":0,"master_deck":["AscendersBane","Defend_R+1","Defend_R+1","Defend_R+1","Defend_R+1","Bash+1","Disarm","Pommel Strike","Reaper","Shrug It Off","Thunderclap","Shrug It Off","Uppercut","Limit Break+1","Demon Form+1","Shrug It Off","Impervious","Heavy Blade","Metallicize","Shockwave","Headbutt+1","Exhume","Disarm+1","Feel No Pain","Burning Pact","Demon Form","Spot Weakness","Feel No Pain","Apotheosis","Immolate+1","Thunderclap+1","Dual Wield","Mayhem","Heavy Blade+1"],"relics":["Burning Blood","Membership Card","Odd Mushroom","Shovel","Coffee Dripper","Omamori","Mercury Hourglass","Strawberry","Centennial Puzzle","Happy Flower","Red Mask","Snecko Eye","Bronze Scales","Medical Kit","Orichalcum","Bottled Lightning","Sundial","Incense Burner","Molten Egg 2","Self Forming Clay","Toy Ornithopter","Boot","Mummified Hand","Bag of Preparation","Lee\u0027s Waffle","StoneCalendar","Gambling Chip"],"potions_floor_usage":[8,11,29,29,40,56,56],"damage_taken":[{"damage":7,"enemies":"Jaw Worm","floor":1,"turns":3},{"damage":5,"enemies":"2 Louse","floor":2,"turns":4},{"damage":6,"enemies":"Small Slimes","floor":5,"turns":5},{"damage":21,"enemies":"The Mushroom Lair","floor":8,"turns":4},{"damage":5,"enemies":"Looter","floor":10,"turns":4},{"damage":18,"enemies":"Exordium Wildlife","floor":11,"turns":5},{"damage":13,"enemies":"3 Louse","floor":12,"turns":4},{"damage":1,"enemies":"Blue Slaver","floor":14,"turns":5},{"damage":29,"enemies":"The Guardian","floor":16,"turns":13},{"damage":33,"enemies":"Shell Parasite","floor":18,"turns":6},{"damage":28,"enemies":"2 Thieves","floor":22,"turns":5},{"damage":32,"enemies":"Slavers","floor":29,"turns":5},{"damage":24,"enemies":"Snake Plant","floor":30,"turns":5},{"damage":28,"enemies":"Masked Bandits","floor":31,"turns":4},{"damage":30,"enemies":"Champ","floor":33,"turns":8},{"damage":31,"enemies":"3 Darklings","floor":35,"turns":5},{"damage":6,"enemies":"3 Shapes","floor":38,"turns":4},{"damage":56,"enemies":"Reptomancer","floor":40,"turns":8},{"damage":2,"enemies":"Spire Growth","floor":41,"turns":5},{"damage":7,"enemies":"Nemesis","floor":42,"turns":9},{"damage":12,"enemies":"4 Shapes","floor":44,"turns":5},{"damage":18,"enemies":"Jaw Worm Horde","floor":45,"turns":4},{"damage":37,"enemies":"Giant Head","floor":47,"turns":8},{"damage":32,"enemies":"Donu and Deca","floor":50,"turns":8},{"damage":17,"enemies":"Time Eater","floor":51,"turns":12},{"damage":8,"enemies":"Shield and Spear","floor":55,"turns":6},{"damage":37,"enemies":"The Heart","floor":56,"turns":8}],"seed_played":"8421288601194088383","potions_obtained":[{"floor":1,"key":"SteroidPotion"},{"floor":5,"key":"Fruit Juice"},{"floor":8,"key":"BloodPotion"},{"floor":11,"key":"Energy Potion"},{"floor":18,"key":"SkillPotion"},{"floor":31,"key":"Fire Potion"},{"floor":33,"key":"GamblersBrew"},{"floor":42,"key":"BloodPotion"},{"floor":44,"key":"Block Potion"}],"is_trial":false,"path_per_floor":["M","M","$","?","M","?","R","?","T","M","M","M","$","M","R","B",null,"M","?","?","$","M","R","$","R","T","R","?","E","M","?","R","B",null,"M","?","$","M","?","E","M","E","T","M","M","$","E","$","R","B","B",null,"R","$","E","B",null],"character_chosen":"IRONCLAD","items_purchased":["Membership Card","Reaper","Shrug It Off","Demon Form","Shrug It Off","Metallicize","Bronze Scales","Medical Kit","Orichalcum","Incense Burner","Feel No Pain","Apotheosis","Molten Egg 2","Toy Ornithopter","Boot","Thunderclap+1","Bag of Preparation","Lee\u0027s Waffle","StoneCalendar","Dual Wield","Mayhem"],"campfire_rested":0,"item_purchase_floors":[3,3,3,13,13,21,37,37,37,46,46,46,46,48,48,48,54,54,54,54,54],"current_hp_per_floor":[49,50,50,50,53,53,53,65,65,66,59,58,58,63,63,73,73,73,73,73,73,51,51,51,51,58,58,58,53,41,41,41,80,80,80,80,80,80,80,75,80,80,80,80,80,80,80,80,80,80,80,80,80,87,87,87],"gold":38,"neow_bonus":"TWO_FIFTY_GOLD","is_prod":false,"is_daily":false,"chose_seed":false,"campfire_upgraded":3,"win_rate":0,"timestamp":1555526577,"path_taken":["M","M","$","?","M","?","R","?","T","M","M","?","$","M","R","BOSS","M","?","?","$","M","R","$","R","T","R","?","E","M","?","R","BOSS","M","?","$","M","?","E","M","E","T","M","M","?","E","$","R","BOSS","BOSS","R","$","E","BOSS"],"build_version":"2019-04-04","purchased_purges":6,"victory":true,"max_hp_per_floor":[75,75,75,68,68,68,68,68,68,68,73,73,73,73,73,73,73,73,73,73,73,73,73,73,73,80,80,80,80,80,80,80,80,80,80,80,80,80,80,80,80,80,80,80,80,80,80,80,80,80,80,80,80,87,87,87],"card_choices":[{"not_picked":["Infernal Blade","Cleave"],"picked":"Disarm","floor":1},{"not_picked":["Headbutt","Cleave"],"picked":"Pommel Strike","floor":2},{"not_picked":["Perfected Strike","Body Slam"],"picked":"Thunderclap","floor":5},{"not_picked":["Searing Blow","Sword Boomerang"],"picked":"Shrug It Off","floor":8},{"not_picked":["Shockwave","Sever Soul"],"picked":"Uppercut","floor":10},{"not_picked":["Warcry","Sever Soul"],"picked":"Anger","floor":11},{"not_picked":["Intimidate","Perfected Strike"],"picked":"Limit Break","floor":12},{"not_picked":["Uppercut","Clothesline","Entrench"],"picked":"SKIP","floor":14},{"not_picked":["Double Tap","Demon Form"],"picked":"Impervious","floor":16},{"not_picked":["Second Wind","Thunderclap"],"picked":"Heavy Blade","floor":18},{"not_picked":["Hemokinesis","Cleave"],"picked":"Shockwave","floor":22},{"not_picked":["True Grit","Body Slam","Blood for Blood"],"picked":"SKIP","floor":29},{"not_picked":["Seeing Red","Wild Strike"],"picked":"Headbutt+1","floor":30},{"not_picked":["Bludgeon","Immolate"],"picked":"Exhume","floor":33},{"not_picked":["Heavy Blade","Clash","Seeing Red"],"picked":"SKIP","floor":35},{"not_picked":["Headbutt","Body Slam","Iron Wave"],"picked":"SKIP","floor":38},{"not_picked":["Rupture","Rage"],"picked":"Disarm+1","floor":40},{"not_picked":["Headbutt","Heavy Blade"],"picked":"Feel No Pain","floor":41},{"not_picked":["Second Wind","Iron Wave"],"picked":"Burning Pact","floor":42},{"not_picked":["Entrench","Wild Strike"],"picked":"Demon Form","floor":44},{"not_picked":["Havoc","Pommel Strike"],"picked":"Spot Weakness","floor":45},{"not_picked":["Pommel Strike+1","Twin Strike+1"],"picked":"Immolate+1","floor":47},{"not_picked":["Searing Blow+1","Flex+1"],"picked":"Heavy Blade+1","floor":55}],"player_experience":5655682,"relics_obtained":[{"floor":8,"key":"Odd Mushroom"},{"floor":9,"key":"Shovel"},{"floor":23,"key":"Omamori"},{"floor":25,"key":"Mercury Hourglass"},{"floor":26,"key":"Strawberry"},{"floor":27,"key":"Centennial Puzzle"},{"floor":29,"key":"Happy Flower"},{"floor":31,"key":"Red Mask"},{"floor":40,"key":"Bottled Lightning"},{"floor":42,"key":"Sundial"},{"floor":47,"key":"Self Forming Clay"},{"floor":53,"key":"Mummified Hand"},{"floor":55,"key":"Gambling Chip"}],"event_choices":[{"damage_healed":0,"gold_gain":0,"player_choice":"Lose Max HP","damage_taken":0,"relics_obtained":["Golden Idol"],"max_hp_gain":0,"max_hp_loss":7,"event_name":"Golden Idol","floor":4,"gold_loss":0},{"damage_healed":0,"gold_gain":0,"player_choice":"Ignored","damage_taken":0,"max_hp_gain":0,"max_hp_loss":0,"event_name":"Liars Game","floor":6,"gold_loss":0},{"damage_healed":0,"gold_gain":0,"player_choice":"Fought Mushrooms","damage_taken":0,"max_hp_gain":0,"max_hp_loss":0,"event_name":"Mushrooms","floor":8,"gold_loss":0},{"damage_healed":0,"gold_gain":0,"player_choice":"Ignored","damage_taken":0,"max_hp_gain":0,"max_hp_loss":0,"event_name":"Ghosts","floor":19,"gold_loss":0},{"damage_healed":0,"gold_gain":0,"player_choice":"Ignored","damage_taken":0,"max_hp_gain":0,"max_hp_loss":0,"event_name":"Beggar","floor":20,"gold_loss":0},{"damage_healed":0,"gold_gain":0,"player_choice":"Simplicity","damage_taken":0,"max_hp_gain":0,"max_hp_loss":0,"event_name":"Back to Basics","floor":28,"gold_loss":0,"cards_upgraded":["Strike_R","Strike_R","Strike_R","Defend_R","Defend_R","Defend_R","Defend_R"]},{"damage_healed":0,"gold_gain":0,"player_choice":"Fought Bandits","damage_taken":0,"max_hp_gain":0,"max_hp_loss":0,"event_name":"Masked Bandits","floor":31,"gold_loss":0},{"damage_healed":0,"gold_gain":333,"player_choice":"Gave Idol","damage_taken":0,"max_hp_gain":0,"max_hp_loss":0,"event_name":"The Moai Head","floor":36,"relics_lost":["Golden Idol"],"gold_loss":0},{"damage_healed":0,"gold_gain":999,"player_choice":"Gold","damage_taken":0,"max_hp_gain":0,"max_hp_loss":0,"event_name":"MindBloom","floor":39,"gold_loss":0,"cards_obtained":["Normality","Normality"]}],"is_beta":true,"boss_relics":[{"not_picked":["Philosopher\u0027s Stone","Black Blood"],"picked":"Coffee Dripper"},{"not_picked":["Mark of Pain","Velvet Choker"],"picked":"Snecko Eye"}],"items_purged_floors":[3,21,37,46,48,54],"is_endless":false,"potions_floor_spawned":[1,5,8,11,12,18,31,33,35,42,44,55],"ascension_level":20}