{"gold_per_floor":[109,109,125,139,157,157,157,189,189,189,189,35,85,118,118,190,190,201,62,62,88,100,100,132,132,158,158,208,208,238,250,250,329,329,340,340,440,454,470,501,532,532,555,555,588,600,600,273,273,273,273,273,273,1,34,34],"floor_reached":57,"playtime":4310,"items_purged":["Strike_R","Strike_R"],"score":2814,"play_id":"bbb643ff-5fdb-4463-8cdd-72d1dfab1efd","local_time":"20190417172832","is_ascension_mode":true,"campfire_choices":[{"data":"Uppercut","floor":6,"key":"SMITH"},{"data":"Thunderclap","floor":10,"key":"SMITH"},{"floor":15,"key":"REST"},{"data":"Uppercut","floor":23,"key":"SMITH"},{"data":"Feed","floor":25,"key":"SMITH"},{"floor":27,"key":"REST"},{"data":"Shrug It Off","floor":29,"key":"SMITH"},{"data":"Limit Break","floor":32,"key":"SMITH"},{"data":"Heavy Blade","floor":42,"key":"SMITH"},{"floor":44,"key":"REST"},{"floor":47,"key":"RECALL"},{"floor":49,"key":"REST"},{"floor":53,"key":"REST"}],"neow_cost":"NONE","seed_source_timestamp":233153481511486,"circlet_count":0,"master_deck":["AscendersBane","Strike_R","Strike_R+1","Defend_R","Defend_R","Defend_R","Defend_R","Bash+1","Uppercut+1","Headbutt+1","Shrug It Off+1","Thunderclap+1","Combust+1","Dark Embrace+1","Feed+1","Heavy Blade+1","Uppercut+1","Metallicize+1","Limit Break+1","Juggernaut+1","Disarm","Headbutt","Parasite","Inflame+1","Demon Form+1","Headbutt","Corruption+1","Flame Barrier","Limit Break+1"],"relics":["Burning Blood","PreservedInsect","Frozen Egg 2","Nunchaku","Ice Cream","Whetstone","Snecko Eye","Red Mask","Kunai","Potion Belt","Dodecahedron","Velvet Choker","Du-Vu Doll","WingedGreaves","Regal Pillow","Smiling Mask","Bag of Preparation","DollysMirror","Mercury Hourglass"],"potions_floor_usage":[33,33,41,41,48,55,56,56,56,56],"damage_taken":[{"damage":7,"enemies":"Cultist","floor":1,"turns":4},{"damage":9,"enemies":"Small Slimes","floor":3,"turns":5},{"damage":9,"enemies":"Jaw Worm","floor":4,"turns":4},{"damage":5,"enemies":"2 Fungi Beasts","floor":5,"turns":4},{"damage":6,"enemies":"Gremlin Nob","floor":8,"turns":3},{"damage":18,"enemies":"3 Sentries","floor":14,"turns":4},{"damage":31,"enemies":"Slime Boss","floor":16,"turns":8},{"damage":14,"enemies":"Chosen","floor":18,"turns":5},{"damage":10,"enemies":"Masked Bandits","floor":21,"turns":4},{"damage":22,"enemies":"Shell Parasite","floor":22,"turns":4},{"damage":18,"enemies":"Gremlin Leader","floor":24,"turns":5},{"damage":51,"enemies":"Slavers","floor":30,"turns":4},{"damage":0,"enemies":"Cultist and Chosen","floor":31,"turns":5},{"damage":13,"enemies":"Collector","floor":33,"turns":5},{"damage":6,"enemies":"3 Shapes","floor":35,"turns":4},{"damage":2,"enemies":"Mind Bloom Boss Battle","floor":37,"turns":7},{"damage":38,"enemies":"3 Darklings","floor":38,"turns":6},{"damage":0,"enemies":"Writhing Mass","floor":39,"turns":6},{"damage":36,"enemies":"Giant Head","floor":40,"turns":5},{"damage":24,"enemies":"Nemesis","floor":41,"turns":5},{"damage":0,"enemies":"Giant Head","floor":45,"turns":4},{"damage":23,"enemies":"Sphere and 2 Shapes","floor":46,"turns":5},{"damage":80,"enemies":"Awakened One","floor":50,"turns":9},{"damage":31,"enemies":"Time Eater","floor":51,"turns":5},{"damage":54,"enemies":"Shield and Spear","floor":55,"turns":5},{"damage":77,"enemies":"The Heart","floor":56,"turns":6}],"seed_played":"-4581952819183522960","potions_obtained":[{"floor":4,"key":"LiquidBronze"},{"floor":5,"key":"SpeedPotion"},{"floor":21,"key":"Weak Potion"},{"floor":24,"key":"SteroidPotion"},{"floor":31,"key":"SkillPotion"},{"floor":35,"key":"Fruit Juice"},{"floor":38,"key":"EssenceOfSteel"},{"floor":40,"key":"Block Potion"},{"floor":45,"key":"Regen Potion"},{"floor":55,"key":"Strength Potion"}],"is_trial":false,"path_per_floor":["M","?","M","M","M","R","?","E","T","R","?","$","?","E","R","B",null,"M","$","?","?","M","R","E","R","T","R","?","R","E","M","R","B",null,"M","?","?","M","M","E","E","R","T","R","E","M","R","$","R","B","B",null,"R","$","E","B",null],"character_chosen":"IRONCLAD","items_purchased":["Combust+1","Uppercut","Corruption+1","Strength Potion","Bag of Preparation","Flame Barrier","DollysMirror","Dexterity Potion"],"campfire_rested":5,"item_purchase_floors":[12,19,48,48,48,48,54,54],"current_hp_per_floor":[67,67,64,61,62,62,62,62,62,62,44,44,37,25,47,22,62,54,54,54,53,37,37,28,28,28,52,52,52,11,21,21,14,70,74,74,82,50,60,34,20,20,20,67,77,64,64,69,120,50,29,105,130,130,98,27],"gold":34,"neow_bonus":"RANDOM_COMMON_RELIC","is_prod":false,"is_daily":false,"chose_seed":false,"campfire_upgraded":7,"win_rate":0,"timestamp":1555547312,"path_taken":["M","?","?","M","M","R","?","E","T","R","?","?","?","E","R","BOSS","M","$","?","?","M","R","E","R","T","R","?","R","E","M","R","BOSS","M","?","?","M","M","E","E","R","T","R","E","M","R","$","R","BOSS","BOSS","R","$","E","BOSS"],"build_version":"2019-04-04","purchased_purges":2,"victory":true,"max_hp_per_floor":[75,75,75,75,75,75,75,75,75,75,75,75,75,75,75,75,75,75,75,75,78,78,78,81,81,81,81,81,81,85,89,89,89,89,93,93,97,97,101,105,109,109,109,109,113,117,117,122,122,126,130,130,130,130,134,134],"card_choices":[{"not_picked":["Twin Strike","Seeing Red"],"picked":"Uppercut","floor":1},{"not_picked":["Havoc","Reckless Charge"],"picked":"Headbutt","floor":3},{"not_picked":["Dropkick","Body Slam"],"picked":"Shrug It Off","floor":4},{"not_picked":["Wild Strike","Dropkick","Perfected Strike"],"picked":"SKIP","floor":5},{"not_picked":["Pommel Strike","Clash"],"picked":"Thunderclap","floor":8},{"not_picked":["Carnage","Fire Breathing+1"],"picked":"Dark Embrace+1","floor":14},{"not_picked":["Juggernaut+1","Dark Embrace+1"],"picked":"Feed","floor":16},{"not_picked":["Sever Soul","Clash"],"picked":"Heavy Blade","floor":18},{"not_picked":["Sword Boomerang","Pommel Strike","Iron Wave"],"picked":"SKIP","floor":22},{"not_picked":["Feed","Twin Strike"],"picked":"Metallicize+1","floor":24},{"not_picked":["Warcry","Combust+1","Iron Wave"],"picked":"SKIP","floor":30},{"not_picked":["Perfected Strike","Warcry"],"picked":"Limit Break","floor":31},{"not_picked":["Barricade+1","Exhume"],"picked":"Juggernaut+1","floor":33},{"not_picked":["Anger","Warcry"],"picked":"Disarm","floor":35},{"not_picked":["Uppercut","Body Slam+1"],"picked":"Headbutt","floor":37},{"not_picked":["Flex","Havoc","Wild Strike"],"picked":"SKIP","floor":38},{"not_picked":["Sever Soul","Shrug It Off+1"],"picked":"Inflame+1","floor":39},{"not_picked":["Iron Wave+1","Heavy Blade"],"picked":"Demon Form+1","floor":40},{"not_picked":["Clash","Bloodletting+1","Havoc"],"picked":"SKIP","floor":41},{"not_picked":["Clash","Bloodletting+1","Havoc"],"picked":"SKIP","floor":41},{"not_picked":["Bloodletting+1","Power Through"],"picked":"Headbutt","floor":45},{"not_picked":["Ghostly Armor","Flex+1","Body Slam"],"picked":"SKIP","floor":46},{"not_picked":["Corruption+1","Bloodletting","Fire Breathing+1"],"picked":"SKIP","floor":55}],"player_experience":5675440,"relics_obtained":[{"floor":8,"key":"Frozen Egg 2"},{"floor":9,"key":"Nunchaku"},{"floor":14,"key":"Whetstone"},{"floor":21,"key":"Red Mask"},{"floor":24,"key":"Kunai"},{"floor":26,"key":"Potion Belt"},{"floor":30,"key":"Dodecahedron"},{"floor":37,"key":"Du-Vu Doll"},{"floor":40,"key":"WingedGreaves"},{"floor":41,"key":"Regal Pillow"},{"floor":45,"key":"Smiling Mask"},{"floor":55,"key":"Mercury Hourglass"}],"event_choices":[{"cards_removed":["Strike_R"],"damage_healed":0,"gold_gain":0,"player_choice":"Purged","damage_taken":0,"max_hp_gain":0,"max_hp_loss":0,"event_name":"Purifier","floor":2,"gold_loss":0},{"damage_healed":0,"gold_gain":0,"player_choice":"Grow","damage_taken":0,"max_hp_gain":0,"max_hp_loss":0,"event_name":"Living Wall","floor":7,"gold_loss":0,"cards_upgraded":["Bash"]},{"damage_healed":0,"gold_gain":0,"player_choice":"Success","damage_taken":18,"relics_obtained":["Ice Cream"],"max_hp_gain":0,"max_hp_loss":0,"event_name":"Scrap Ooze","floor":11,"gold_loss":0},{"damage_healed":0,"gold_gain":50,"player_choice":"Touch","damage_taken":7,"max_hp_gain":0,"max_hp_loss":0,"event_name":"FaceTrader","floor":13,"gold_loss":0},{"damage_healed":0,"gold_gain":0,"player_choice":"Ignored","damage_taken":0,"max_hp_gain":0,"max_hp_loss":0,"event_name":"Beggar","floor":20,"gold_loss":0},{"damage_healed":0,"gold_gain":0,"player_choice":"Fought Bandits","damage_taken":0,"max_hp_gain":0,"max_hp_loss":0,"event_name":"Masked Bandits","floor":21,"gold_loss":0},{"damage_healed":0,"gold_gain":50,"player_choice":"Stole From Cult","damage_taken":0,"max_hp_gain":0,"max_hp_loss":0,"event_name":"Nest","floor":28,"gold_loss":0},{"damage_healed":0,"gold_gain":0,"player_choice":"Memory 1","damage_taken":0,"max_hp_gain":0,"max_hp_loss":0,"event_name":"SensoryStone","floor":36,"gold_loss":0},{"damage_healed":0,"gold_gain":0,"player_choice":"Fight","damage_taken":0,"max_hp_gain":0,"max_hp_loss":0,"event_name":"MindBloom","floor":37,"gold_loss":0}],"is_beta":true,"boss_relics":[{"not_picked":["White Beast Statue","Lizard Tail"],"picked":"Snecko Eye"},{"not_picked":["Black Blood","Coffee Dripper"],"picked":"Velvet Choker"}],"items_purged_floors":[12,19],"is_endless":false,"potions_floor_spawned":[4,5,16,21,24,31,35,38,40,45,55],"ascension_level":20}