{"gold_per_floor":[119,139,139,139,155,155,190,207,507,507,523,157,184,164,164,164],"floor_reached":16,"playtime":655,"items_purged":["Strike_R"],"score":220,"play_id":"8cfdccd9-531f-4363-8b6e-dbef5861d055","local_time":"20190416121912","is_ascension_mode":true,"campfire_choices":[{"data":"Bash","floor":6,"key":"SMITH"},{"data":"Perfected Strike","floor":10,"key":"SMITH"},{"data":"Battle Trance","floor":15,"key":"SMITH"}],"neow_cost":"NONE","seed_source_timestamp":131873923086354,"circlet_count":0,"master_deck":["AscendersBane","Strike_R","Strike_R","Strike_R","Strike_R","Defend_R","Defend_R","Defend_R","Defend_R","Bash+1","Perfected Strike+1","Rampage","Twin Strike","Flame Barrier","Battle Trance+1","Burning Pact"],"relics":["Burning Blood","Letter Opener","Nunchaku","Old Coin","Oddly Smooth Stone","Incense Burner"],"potions_floor_usage":[0,8,13],"damage_taken":[{"damage":9,"enemies":"Jaw Worm","floor":1,"turns":4},{"damage":1,"enemies":"Small Slimes","floor":2,"turns":3},{"damage":1,"enemies":"Cultist","floor":5,"turns":3},{"damage":32,"enemies":"Gremlin Nob","floor":7,"turns":4},{"damage":9,"enemies":"Red Slaver","floor":8,"turns":4},{"damage":11,"enemies":"Blue Slaver","floor":11,"turns":3},{"damage":27,"enemies":"Lagavulin","floor":13,"turns":6},{"damage":36,"enemies":"Hexaghost","floor":16,"turns":9}],"seed_played":"2522049697305573708","potions_obtained":[{"floor":0,"key":"Fruit Juice"},{"floor":0,"key":"Regen Potion"},{"floor":0,"key":"SneckoOil"},{"floor":2,"key":"SkillPotion"},{"floor":8,"key":"Strength Potion"},{"floor":14,"key":"Ancient Potion"}],"is_trial":false,"path_per_floor":["M","M","?","?","M","R","E","M","T","R","M","$","E","?","R","B"],"character_chosen":"IRONCLAD","items_purchased":["Oddly Smooth Stone","Battle Trance","Burning Pact"],"campfire_rested":0,"item_purchase_floors":[12,12,12],"current_hp_per_floor":[70,75,70,70,75,75,49,46,46,46,41,41,35,35,35,0],"gold":164,"neow_bonus":"THREE_SMALL_POTIONS","is_prod":false,"is_daily":false,"chose_seed":false,"campfire_upgraded":3,"win_rate":0,"timestamp":1555442352,"path_taken":["M","M","?","?","M","R","E","M","T","R","M","$","E","?","R","BOSS"],"build_version":"2019-04-04","purchased_purges":1,"victory":false,"max_hp_per_floor":[80,80,80,80,80,80,80,80,80,80,80,80,80,80,80,80],"card_choices":[{"not_picked":["Pummel","Clothesline"],"picked":"Perfected Strike","floor":1},{"not_picked":["Body Slam","Havoc"],"picked":"Rampage","floor":2},{"not_picked":["Havoc","Flex","Bloodletting"],"picked":"SKIP","floor":5},{"not_picked":["Second Wind","Sword Boomerang","Flex"],"picked":"SKIP","floor":7},{"not_picked":["Power Through","Reckless Charge"],"picked":"Twin Strike","floor":8},{"not_picked":["Heavy Blade","Wild Strike"],"picked":"Flame Barrier","floor":11},{"not_picked":["Intimidate","Infernal Blade","Ghostly Armor"],"picked":"SKIP","floor":13}],"player_experience":5633927,"relics_obtained":[{"floor":7,"key":"Nunchaku"},{"floor":9,"key":"Old Coin"},{"floor":13,"key":"Incense Burner"}],"event_choices":[{"damage_healed":0,"gold_gain":0,"player_choice":"Success","damage_taken":5,"relics_obtained":["Letter Opener"],"max_hp_gain":0,"max_hp_loss":0,"event_name":"Scrap Ooze","floor":3,"gold_loss":0},{"damage_healed":0,"gold_gain":0,"player_choice":"Ignored","damage_taken":0,"max_hp_gain":0,"max_hp_loss":0,"event_name":"Liars Game","floor":4,"gold_loss":0},{"damage_healed":0,"gold_gain":0,"player_choice":"Bought 1 Potion","damage_taken":0,"max_hp_gain":0,"max_hp_loss":0,"event_name":"The Woman in Blue","floor":14,"gold_loss":0}],"is_beta":true,"boss_relics":[],"items_purged_floors":[12],"is_endless":false,"potions_floor_spawned":[2,8],"killed_by":"Hexaghost","ascension_level":20}