{"gold_per_floor":[217,233,51,68,143,143,143,143,143,168,186,205,205,237,237,309,309,323,323,138,63,76,76,107,126,126,126],"floor_reached":27,"playtime":1322,"items_purged":["Strike_G","Infinite Blades"],"score":482,"play_id":"7244a606-1333-4d33-bd8f-cf4a7aa9962c","local_time":"20190420210609","is_ascension_mode":true,"campfire_choices":[{"data":"Neutralize","floor":6,"key":"SMITH"},{"data":"Noxious Fumes","floor":8,"key":"SMITH"},{"data":"Deadly Poison","floor":13,"key":"SMITH"},{"floor":15,"key":"REST"},{"data":"Corpse Explosion","floor":23,"key":"SMITH"}],"neow_cost":"NONE","seed_source_timestamp":113249028666994,"circlet_count":0,"master_deck":["AscendersBane","Defend_G","Defend_G","Defend_G","Defend_G","Defend_G","Strike_G","Survivor","Neutralize+1","Deadly Poison+1","Dagger Spray","Noxious Fumes+1","Dodge and Roll","Calculated Gamble","Dash","PiercingWail","Corpse Explosion+1","Dodge and Roll","Noxious Fumes","Prepared+1","PiercingWail+1","PiercingWail"],"relics":["Ring of the Snake","Bronze Scales","Ginger","Orichalcum","Cursed Key","Ornamental Fan"],"potions_floor_usage":[10,24,24],"damage_taken":[{"damage":0,"enemies":"Jaw Worm","floor":1,"turns":6},{"damage":2,"enemies":"2 Louse","floor":2,"turns":4},{"damage":4,"enemies":"Cultist","floor":4,"turns":5},{"damage":11,"enemies":"3 Sentries","floor":10,"turns":6},{"damage":7,"enemies":"Exordium Wildlife","floor":11,"turns":3},{"damage":0,"enemies":"Blue Slaver","floor":12,"turns":4},{"damage":9,"enemies":"Lagavulin","floor":14,"turns":6},{"damage":23,"enemies":"The Guardian","floor":16,"turns":9},{"damage":3,"enemies":"Spheric Guardian","floor":18,"turns":4},{"damage":7,"enemies":"2 Thieves","floor":22,"turns":3},{"damage":11,"enemies":"Book of Stabbing","floor":24,"turns":6},{"damage":0,"enemies":"3 Cultists","floor":25,"turns":2},{"damage":33,"enemies":"Gremlin Leader","floor":27,"turns":4}],"seed_played":"-2948677828575166226","potions_obtained":[{"floor":1,"key":"Explosive Potion"},{"floor":4,"key":"Explosive Potion"},{"floor":10,"key":"Block Potion"},{"floor":14,"key":"Swift Potion"}],"is_trial":false,"path_per_floor":["M","M","$","M","?","R","?","R","T","E","M","M","R","E","R","B",null,"M","?","$","?","M","R","E","M","T","E"],"character_chosen":"THE_SILENT","items_purchased":["Noxious Fumes","Dodge and Roll","Noxious Fumes"],"campfire_rested":1,"item_purchase_floors":[3,3,20],"current_hp_per_floor":[59,57,57,53,42,42,42,42,42,31,24,24,24,15,34,11,52,49,49,49,49,42,42,31,31,31,0],"gold":126,"neow_bonus":"HUNDRED_GOLD","is_prod":false,"is_daily":false,"chose_seed":false,"campfire_upgraded":4,"win_rate":0,"timestamp":1555819569,"path_taken":["M","M","$","M","?","R","?","R","T","E","?","M","R","E","R","BOSS","M","?","$","?","M","R","E","M","T","E"],"build_version":"2019-04-20","purchased_purges":2,"victory":false,"max_hp_per_floor":[66,66,66,66,66,66,66,66,66,66,66,66,66,66,66,66,66,66,66,66,66,66,66,66,66,66,66],"card_choices":[{"not_picked":["Heel Hook","Dagger Spray"],"picked":"Deadly Poison","floor":1},{"not_picked":["Slice","Prepared"],"picked":"Dagger Spray","floor":2},{"not_picked":["Prepared","Blur"],"picked":"Calculated Gamble","floor":4},{"not_picked":["Dagger Throw","Blade Dance","Underhanded Strike"],"picked":"SKIP","floor":10},{"not_picked":["Quick Slash","Dagger Throw","Blade Dance"],"picked":"SKIP","floor":11},{"not_picked":["Acrobatics","Calculated Gamble"],"picked":"PiercingWail","floor":12},{"not_picked":["Sucker Punch","Phantasmal Killer","All Out Attack"],"picked":"SKIP","floor":14},{"not_picked":["Phantasmal Killer","Envenom"],"picked":"Corpse Explosion","floor":16},{"not_picked":["Slice","Reflex"],"picked":"Dodge and Roll","floor":18},{"not_picked":["Outmaneuver","Dodge and Roll"],"picked":"Prepared+1","floor":22},{"not_picked":["Poisoned Stab","Venomology"],"picked":"PiercingWail+1","floor":24},{"not_picked":["Prepared","Outmaneuver"],"picked":"PiercingWail","floor":25}],"player_experience":5742926,"relics_obtained":[{"floor":9,"key":"Bronze Scales"},{"floor":10,"key":"Ginger"},{"floor":14,"key":"Orichalcum"},{"floor":24,"key":"Ornamental Fan"}],"event_choices":[{"damage_healed":0,"gold_gain":75,"player_choice":"Gather Gold","damage_taken":11,"max_hp_gain":0,"max_hp_loss":0,"event_name":"World of Goop","floor":5,"gold_loss":0},{"damage_healed":0,"gold_gain":0,"cards_transformed":["Strike_G"],"player_choice":"Transformed","damage_taken":0,"max_hp_gain":0,"max_hp_loss":0,"event_name":"Transmorgrifier","floor":7,"gold_loss":0,"cards_obtained":["Dash"]},{"damage_healed":0,"gold_gain":0,"cards_transformed":["Strike_G","Strike_G"],"player_choice":"Became Test Subject","damage_taken":0,"max_hp_gain":0,"max_hp_loss":0,"event_name":"Drug Dealer","floor":19,"gold_loss":0,"cards_obtained":["Infinite Blades","Infinite Blades"]},{"cards_removed":["Infinite Blades"],"damage_healed":0,"gold_gain":0,"player_choice":"Gave Gold","damage_taken":0,"max_hp_gain":0,"max_hp_loss":0,"event_name":"Beggar","floor":21,"gold_loss":75}],"is_beta":true,"boss_relics":[{"not_picked":["Fusion Hammer","White Beast Statue"],"picked":"Cursed Key"}],"items_purged_floors":[3,20],"is_endless":false,"potions_floor_spawned":[1,4,10,14,22],"killed_by":"Gremlin Leader","ascension_level":20}