{"gold_per_floor":[114,114,134,152,0,0,30,30,100,130,130,130,160,177,177,254,254,254,254,254,254,254,254,254,254,254,254,126,126,126,126,126,126,126,126,126,126,126,126,126,126,126,126,42,42,42,0,0,0,0,0,0,0,0,0,0],"floor_reached":57,"playtime":5552,"items_purged":["Strike_B","Strike_B"],"score":2680,"play_id":"bd156afe-4736-4e29-9e81-a06136bc56dc","local_time":"20190412162624","is_ascension_mode":true,"campfire_choices":[{"data":"Self Repair","floor":6,"key":"SMITH"},{"data":"Hyperbeam","floor":8,"key":"SMITH"},{"data":"Sweeping Beam","floor":11,"key":"SMITH"},{"data":"Hologram","floor":15,"key":"SMITH"},{"data":"Creative AI","floor":27,"key":"SMITH"},{"data":"Coolheaded","floor":32,"key":"SMITH"},{"data":"Static Discharge","floor":40,"key":"SMITH"},{"data":"Defragment","floor":45,"key":"SMITH"},{"floor":49,"key":"RECALL"},{"data":"Hologram","floor":53,"key":"SMITH"}],"neow_cost":"NONE","seed_source_timestamp":176142780264057,"circlet_count":0,"master_deck":["AscendersBane","Strike_B","Strike_B","Defend_B","Defend_B","Defend_B","Defend_B","Zap+1","Dualcast","Conserve Battery","Sweeping Beam+1","Self Repair+1","Hyperbeam+1","Glacier","FTL+1","Hologram+1","Creative AI+1","Sweeping Beam+1","Compile Driver+1","White Noise+1","Glacier","Coolheaded+1","Doom and Gloom+1","Coolheaded+1","Core Surge+1","Skim+1","Secret Technique","PanicButton","Static Discharge+1","White Noise+1","Defragment+1","Hologram+1"],"relics":["Cracked Core","DataDisk","Boot","Pear","Bird Faced Urn","Molten Egg 2","Smiling Mask","Ectoplasm","Centennial Puzzle","Calipers","Bag of Preparation","Orichalcum","Bronze Scales","Black Star","Meat on the Bone","FossilizedHelix","Red Mask","The Courier","Regal Pillow","Mummified Hand","Bottled Flame"],"potions_floor_usage":[10,21,23,56,56,56],"damage_taken":[{"damage":7,"enemies":"Jaw Worm","floor":1,"turns":4},{"damage":0,"enemies":"Cultist","floor":3,"turns":3},{"damage":10,"enemies":"2 Louse","floor":4,"turns":3},{"damage":22,"enemies":"Lagavulin","floor":7,"turns":8},{"damage":8,"enemies":"Gremlin Nob","floor":10,"turns":3},{"damage":4,"enemies":"3 Sentries","floor":13,"turns":3},{"damage":8,"enemies":"Blue Slaver","floor":14,"turns":3},{"damage":25,"enemies":"The Guardian","floor":16,"turns":16},{"damage":2,"enemies":"Spheric Guardian","floor":18,"turns":6},{"damage":14,"enemies":"Shell Parasite","floor":20,"turns":7},{"damage":1,"enemies":"3 Cultists","floor":21,"turns":3},{"damage":61,"enemies":"Shelled Parasite and Fungi","floor":22,"turns":11},{"damage":19,"enemies":"Slavers","floor":23,"turns":4},{"damage":16,"enemies":"Snake Plant","floor":24,"turns":6},{"damage":50,"enemies":"Gremlin Leader","floor":25,"turns":11},{"damage":3,"enemies":"3 Cultists","floor":29,"turns":3},{"damage":45,"enemies":"Book of Stabbing","floor":31,"turns":7},{"damage":16,"enemies":"Automaton","floor":33,"turns":13},{"damage":11,"enemies":"Orb Walker","floor":35,"turns":3},{"damage":5,"enemies":"3 Darklings","floor":38,"turns":4},{"damage":0,"enemies":"4 Shapes","floor":39,"turns":6},{"damage":18,"enemies":"Writhing Mass","floor":41,"turns":10},{"damage":8,"enemies":"Nemesis","floor":42,"turns":11},{"damage":0,"enemies":"Spire Growth","floor":46,"turns":7},{"damage":37,"enemies":"Reptomancer","floor":48,"turns":9},{"damage":24,"enemies":"Time Eater","floor":50,"turns":19},{"damage":48,"enemies":"Donu and Deca","floor":51,"turns":19},{"damage":37,"enemies":"Shield and Spear","floor":55,"turns":11},{"damage":81,"enemies":"The Heart","floor":56,"turns":12}],"seed_played":"1650507132912391677","potions_obtained":[{"floor":1,"key":"FearPotion"},{"floor":4,"key":"EntropicBrew"},{"floor":14,"key":"FearPotion"},{"floor":20,"key":"Fruit Juice"},{"floor":21,"key":"SteroidPotion"},{"floor":25,"key":"Dexterity Potion"},{"floor":37,"key":"LiquidBronze"},{"floor":55,"key":"SpeedPotion"}],"is_trial":false,"path_per_floor":["M","?","M","M","$","R","E","R","T","E","R","T","E","M","R","B",null,"M","?","M","M","M","E","M","E","T","R","$","M","?","E","R","B",null,"M","?","?","M","M","R","M","E","T","$","R","M","?","E","R","B","B",null,"R","$","E","B",null],"character_chosen":"DEFECT","items_purchased":["Self Repair","Doom and Gloom+1","Defragment"],"campfire_rested":0,"item_purchase_floors":[5,28,44],"current_hp_per_floor":[57,57,57,47,47,47,35,35,45,47,47,47,55,59,59,46,72,81,81,81,86,86,81,86,56,56,56,56,67,67,48,48,86,86,86,76,76,86,86,86,86,86,86,86,86,86,86,79,79,86,86,86,86,86,86,55],"gold":0,"neow_bonus":"RANDOM_COMMON_RELIC","is_prod":false,"is_daily":false,"chose_seed":false,"campfire_upgraded":9,"win_rate":0,"timestamp":1555111584,"path_taken":["M","?","?","?","$","R","E","R","T","E","R","?","E","?","R","BOSS","M","?","M","M","?","E","M","E","T","R","$","M","?","E","R","BOSS","M","?","?","M","M","R","?","E","T","?","R","?","?","E","R","BOSS","BOSS","R","$","E","BOSS"],"build_version":"2019-04-04","purchased_purges":2,"victory":true,"max_hp_per_floor":[71,71,71,71,71,71,71,71,81,81,81,81,81,81,81,81,81,81,81,81,86,86,86,86,86,86,86,86,86,86,86,86,86,86,86,86,86,86,86,86,86,86,86,86,86,86,86,86,86,86,86,86,86,86,86,86],"card_choices":[{"not_picked":["Loop","Leap"],"picked":"Conserve Battery","floor":1},{"not_picked":["Stack","Rebound"],"picked":"Sweeping Beam","floor":3},{"not_picked":["Sunder","Fusion","Barrage"],"picked":"SKIP","floor":4},{"not_picked":["Stack","Turbo"],"picked":"Hyperbeam","floor":7},{"not_picked":["Streamline","Steam"],"picked":"Glacier","floor":10},{"not_picked":["Cold Snap+1","Reprogram"],"picked":"FTL+1","floor":13},{"not_picked":["Skim","Rebound+1"],"picked":"Hologram","floor":14},{"not_picked":["Hyperbeam+1","Buffer"],"picked":"Creative AI","floor":16},{"not_picked":["Heatsinks","Rip and Tear+1"],"picked":"Sweeping Beam+1","floor":18},{"not_picked":["Turbo","Auto Shields"],"picked":"Compile Driver+1","floor":20},{"not_picked":["Steam","Redo","Force Field"],"picked":"SKIP","floor":21},{"not_picked":["Beam Cell+1","Barrage+1"],"picked":"White Noise+1","floor":22},{"not_picked":["Meteor Strike+1","Barrage+1"],"picked":"Glacier","floor":23},{"not_picked":["Redo","Turbo","Rebound+1"],"picked":"SKIP","floor":24},{"not_picked":["Conserve Battery","Reinforced Body"],"picked":"Coolheaded+1","floor":25},{"not_picked":["Steam+1","Ball Lightning+1"],"picked":"Coolheaded","floor":29},{"not_picked":["Melter+1","Hyperbeam+1","Streamline+1"],"picked":"SKIP","floor":31},{"not_picked":["Multi-Cast","Thunder Strike+1"],"picked":"Core Surge+1","floor":33},{"not_picked":["Barrage+1","Streamline+1"],"picked":"Skim+1","floor":35},{"not_picked":["Blind","Finesse"],"picked":"Secret Technique","floor":36},{"not_picked":["Dramatic Entrance+1","Jack Of All Trades"],"picked":"PanicButton","floor":36},{"not_picked":["Steam","Barrage+1","Stack"],"picked":"SKIP","floor":38},{"not_picked":["Lockon+1","Coolheaded+1"],"picked":"Static Discharge","floor":39},{"not_picked":["Meteor Strike+1","Turbo"],"picked":"White Noise+1","floor":41},{"not_picked":["Reprogram","Scrape+1","Aggregate"],"picked":"SKIP","floor":42},{"not_picked":["Cold Snap+1","Ball Lightning+1"],"picked":"Hologram","floor":46},{"not_picked":["Cold Snap+1","Compile Driver+1","Skim"],"picked":"SKIP","floor":48},{"not_picked":["Streamline+1","Leap","Rebound+1"],"picked":"SKIP","floor":55}],"player_experience":5562792,"relics_obtained":[{"floor":7,"key":"Boot"},{"floor":9,"key":"Pear"},{"floor":10,"key":"Bird Faced Urn"},{"floor":12,"key":"Molten Egg 2"},{"floor":13,"key":"Smiling Mask"},{"floor":19,"key":"Centennial Puzzle"},{"floor":23,"key":"Calipers"},{"floor":25,"key":"Bag of Preparation"},{"floor":26,"key":"Orichalcum"},{"floor":31,"key":"Bronze Scales"},{"floor":42,"key":"Meat on the Bone"},{"floor":42,"key":"FossilizedHelix"},{"floor":48,"key":"The Courier"},{"floor":48,"key":"Regal Pillow"},{"floor":55,"key":"Mummified Hand"},{"floor":55,"key":"Bottled Flame"}],"event_choices":[{"damage_healed":0,"gold_gain":0,"player_choice":"Upgraded","damage_taken":0,"max_hp_gain":0,"max_hp_loss":0,"event_name":"Upgrade Shrine","floor":2,"gold_loss":0,"cards_upgraded":["Zap"]},{"damage_healed":0,"gold_gain":0,"player_choice":"Relic","damage_taken":0,"max_hp_gain":0,"max_hp_loss":0,"event_name":"Wheel of Change","floor":19,"gold_loss":0},{"damage_healed":0,"gold_gain":0,"player_choice":"Ignored","damage_taken":0,"max_hp_gain":0,"max_hp_loss":0,"event_name":"Vampires","floor":30,"gold_loss":0},{"damage_healed":0,"gold_gain":0,"player_choice":"Memory 3","damage_taken":10,"max_hp_gain":0,"max_hp_loss":0,"event_name":"SensoryStone","floor":36,"gold_loss":0},{"damage_healed":0,"gold_gain":0,"player_choice":"Got Potions","damage_taken":0,"max_hp_gain":0,"max_hp_loss":0,"event_name":"Lab","floor":37,"gold_loss":0},{"damage_healed":0,"gold_gain":0,"player_choice":"Paid","damage_taken":0,"relics_obtained":["Red Mask"],"max_hp_gain":0,"max_hp_loss":0,"event_name":"Tomb of Lord Red Mask","floor":47,"gold_loss":42}],"is_beta":true,"boss_relics":[{"not_picked":["Philosopher\u0027s Stone","Pandora\u0027s Box"],"picked":"Ectoplasm"},{"not_picked":["Velvet Choker","Cursed Key"],"picked":"Black Star"}],"items_purged_floors":[5,28],"is_endless":false,"potions_floor_spawned":[1,4,14,20,21,25,29,31,39,48,55],"ascension_level":20}