{"gold_per_floor":[117,132,145,145,145,145,176,176,176,186,221,241,265,300,300,375,375,388,29,29,29,41,41,70,83,108,108,123,155,155,155,155,229,229,247,258,274,286,286,318,337,372,372,189,200,220,253,267,267,267,267,267,267,41,66,66],"floor_reached":57,"playtime":4543,"items_purged":["Strike_R","Infernal Blade"],"score":2883,"play_id":"46ebcf98-dee7-48e7-9383-fb6e932a19d8","local_time":"20190414181934","is_ascension_mode":true,"campfire_choices":[{"floor":6,"key":"REST"},{"data":"Bash","floor":8,"key":"SMITH"},{"data":"Uppercut","floor":15,"key":"SMITH"},{"data":"Feed","floor":23,"key":"SMITH"},{"data":"Feel No Pain","floor":27,"key":"SMITH"},{"data":"Spot Weakness","floor":32,"key":"SMITH"},{"floor":49,"key":"RECALL"},{"data":"Bite","floor":53,"key":"PURGE"}],"neow_cost":"PERCENT_DAMAGE","seed_source_timestamp":356747544537617,"circlet_count":0,"master_deck":["AscendersBane","Defend_R+1","Defend_R+1","Defend_R+1","Defend_R+1","Bash+1","Carnage","Anger","Uppercut+1","Spot Weakness+1","Sword Boomerang","Feed+1","Offering+1","Limit Break+1","Havoc+1","Shrug It Off+1","Feel No Pain+1","Shrug It Off+1","True Grit+1","Ghostly+1","Ghostly+1","Ghostly+1","Havoc+1","Headbutt","Spot Weakness+1","Havoc+1","Bite","Bite","Bite","Exhume+1","Shrug It Off+1","Burning Pact+1","Exhume+1","Feel No Pain","Heavy Blade+1","Limit Break+1","Feel No Pain","Feel No Pain+1","Spot Weakness+1","Clothesline+1","Offering+1"],"relics":["Burning Blood","Magic Flower","Question Card","PreservedInsect","Red Skull","FossilizedHelix","Toxic Egg 2","Orrery","Self Forming Clay","Lantern","Omamori","Ancient Tea Set","Fusion Hammer","Bottled Lightning","Kunai","Peace Pipe","Darkstone Periapt","Medical Kit","Anchor"],"potions_floor_usage":[7,7,16,18,18,24,33,33,46,55],"damage_taken":[{"damage":9,"enemies":"2 Louse","floor":1,"turns":4},{"damage":2,"enemies":"Jaw Worm","floor":2,"turns":4},{"damage":1,"enemies":"Cultist","floor":3,"turns":4},{"damage":20,"enemies":"3 Sentries","floor":7,"turns":6},{"damage":1,"enemies":"Blue Slaver","floor":10,"turns":2},{"damage":4,"enemies":"Gremlin Nob","floor":11,"turns":3},{"damage":0,"enemies":"2 Fungi Beasts","floor":12,"turns":2},{"damage":10,"enemies":"3 Sentries","floor":14,"turns":4},{"damage":26,"enemies":"Slime Boss","floor":16,"turns":8},{"damage":56,"enemies":"3 Byrds","floor":18,"turns":7},{"damage":15,"enemies":"Chosen","floor":22,"turns":7},{"damage":0,"enemies":"Slavers","floor":24,"turns":5},{"damage":11,"enemies":"Centurion and Healer","floor":25,"turns":9},{"damage":29,"enemies":"Snecko","floor":28,"turns":10},{"damage":18,"enemies":"Gremlin Leader","floor":29,"turns":4},{"damage":24,"enemies":"Automaton","floor":33,"turns":6},{"damage":0,"enemies":"Orb Walker","floor":35,"turns":4},{"damage":0,"enemies":"3 Darklings","floor":36,"turns":5},{"damage":1,"enemies":"Transient","floor":37,"turns":5},{"damage":7,"enemies":"Writhing Mass","floor":38,"turns":6},{"damage":31,"enemies":"Nemesis","floor":40,"turns":5},{"damage":20,"enemies":"3 Darklings","floor":41,"turns":5},{"damage":10,"enemies":"Reptomancer","floor":42,"turns":5},{"damage":10,"enemies":"Maw","floor":45,"turns":4},{"damage":12,"enemies":"Transient","floor":46,"turns":6},{"damage":16,"enemies":"Giant Head","floor":47,"turns":8},{"damage":12,"enemies":"Writhing Mass","floor":48,"turns":1},{"damage":43,"enemies":"Time Eater","floor":50,"turns":12},{"damage":20,"enemies":"Awakened One","floor":51,"turns":8},{"damage":2,"enemies":"Shield and Spear","floor":55,"turns":6},{"damage":64,"enemies":"The Heart","floor":56,"turns":10}],"seed_played":"598312968551276744","potions_obtained":[{"floor":1,"key":"Fire Potion"},{"floor":2,"key":"PowerPotion"},{"floor":10,"key":"Strength Potion"},{"floor":14,"key":"Block Potion"},{"floor":16,"key":"SteroidPotion"},{"floor":18,"key":"Fire Potion"},{"floor":21,"key":"Weak Potion"},{"floor":24,"key":"FearPotion"},{"floor":35,"key":"BloodPotion"},{"floor":37,"key":"GamblersBrew"},{"floor":45,"key":"GamblersBrew"},{"floor":47,"key":"AttackPotion"}],"is_trial":false,"path_per_floor":["M","M","M","?","?","R","E","R","T","M","E","M","T","E","R","B",null,"M","$","?","?","M","R","E","M","T","R","M","E","?","?","R","B",null,"M","M","M","M","?","E","M","E","T","$","M","M","E","M","R","B","B",null,"R","$","E","B",null],"character_chosen":"IRONCLAD","items_purchased":["Self Forming Clay","Feel No Pain","Medical Kit"],"campfire_rested":1,"item_purchase_floors":[19,44,54],"current_hp_per_floor":[50,57,65,20,20,42,31,31,31,39,44,53,53,52,52,40,69,27,27,27,27,26,26,41,45,45,45,31,28,28,28,28,28,38,45,49,53,57,57,44,54,65,65,65,73,73,75,78,78,62,69,87,87,87,97,54],"gold":66,"neow_bonus":"ONE_RARE_RELIC","is_prod":false,"is_daily":false,"chose_seed":false,"campfire_upgraded":5,"win_rate":0,"timestamp":1555291174,"path_taken":["M","M","M","?","?","R","E","R","T","M","E","M","?","E","R","BOSS","M","$","?","?","M","R","E","?","T","R","M","E","?","?","R","BOSS","M","M","M","M","?","E","M","E","T","?","?","M","E","M","R","BOSS","BOSS","R","$","E","BOSS"],"build_version":"2019-04-04","purchased_purges":2,"victory":true,"max_hp_per_floor":[75,75,75,75,75,75,75,75,75,75,75,75,75,75,75,78,78,81,81,40,40,43,43,47,51,51,51,55,59,41,41,41,41,41,45,49,53,57,57,61,65,69,69,69,73,73,77,81,81,85,93,93,93,93,97,97],"card_choices":[{"not_picked":["Second Wind","Shrug It Off"],"picked":"Carnage","floor":1},{"not_picked":["Fire Breathing","Perfected Strike","Flex"],"picked":"SKIP","floor":2},{"not_picked":["Rage","Wild Strike"],"picked":"Anger","floor":3},{"not_picked":["Wild Strike","Perfected Strike","Iron Wave"],"picked":"Infernal Blade","floor":7},{"not_picked":["Clothesline","Flex","Seeing Red"],"picked":"Uppercut","floor":10},{"not_picked":["Clothesline","Rage","Seeing Red"],"picked":"Spot Weakness","floor":11},{"not_picked":["Carnage","Bloodletting","Rage"],"picked":"Sword Boomerang","floor":12},{"not_picked":["Clothesline","Armaments","Body Slam"],"picked":"Feed","floor":14},{"not_picked":["Demon Form","Impervious+1","Feed"],"picked":"Offering+1","floor":16},{"not_picked":["Clash","Cleave","Headbutt"],"picked":"Limit Break+1","floor":17},{"not_picked":["Twin Strike","Second Wind+1","Inflame"],"picked":"Havoc+1","floor":17},{"not_picked":["Blood for Blood","Inflame","Combust"],"picked":"Shrug It Off+1","floor":17},{"not_picked":["Heavy Blade","Pommel Strike","Carnage"],"picked":"Feel No Pain","floor":17},{"not_picked":["Armaments+1","Twin Strike","Limit Break+1"],"picked":"Shrug It Off+1","floor":17},{"not_picked":["Flex+1","Heavy Blade","Clash"],"picked":"True Grit+1","floor":18},{"not_picked":["Heavy Blade","Metallicize","Dual Wield+1"],"picked":"Havoc+1","floor":22},{"not_picked":["Twin Strike","Barricade","Combust"],"picked":"Headbutt","floor":24},{"not_picked":["Thunderclap","Metallicize","Pommel Strike"],"picked":"Spot Weakness+1","floor":25},{"not_picked":["Flex+1","Clothesline","Twin Strike+1","Pommel Strike"],"picked":"SKIP","floor":28},{"not_picked":["Blood for Blood","Cleave","Inflame"],"picked":"Havoc+1","floor":29},{"not_picked":["Fiend Fire","Berserk","Demon Form"],"picked":"Exhume+1","floor":33},{"not_picked":["Flex+1","Cleave+1","Rampage"],"picked":"Shrug It Off+1","floor":35},{"not_picked":["Warcry+1","Sword Boomerang+1","Entrench+1"],"picked":"Burning Pact+1","floor":36},{"not_picked":["Cleave+1","Havoc+1","Flame Barrier+1"],"picked":"Exhume+1","floor":37},{"not_picked":["Pommel Strike","Havoc+1","Clothesline"],"picked":"Feel No Pain","floor":38},{"not_picked":["Sword Boomerang","Anger","Carnage"],"picked":"Heavy Blade+1","floor":40},{"not_picked":["Pommel Strike","Blood for Blood+1","Armaments+1","Twin Strike"],"picked":"SKIP","floor":41},{"not_picked":["Inflame","Combust","Dropkick"],"picked":"Limit Break+1","floor":42},{"not_picked":["Clash","Sword Boomerang+1","Pommel Strike"],"picked":"Feel No Pain+1","floor":45},{"not_picked":["Clothesline","Thunderclap","Juggernaut","Twin Strike"],"picked":"SKIP","floor":46},{"not_picked":["Dual Wield+1","Flex+1","Armaments+1"],"picked":"Spot Weakness+1","floor":47},{"not_picked":["Armaments+1","Thunderclap","Shrug It Off+1"],"picked":"Clothesline+1","floor":48},{"not_picked":["Heavy Blade","Twin Strike","Body Slam+1"],"picked":"Offering+1","floor":55}],"player_experience":5603235,"relics_obtained":[{"floor":7,"key":"PreservedInsect"},{"floor":9,"key":"Red Skull"},{"floor":11,"key":"FossilizedHelix"},{"floor":14,"key":"Toxic Egg 2"},{"floor":24,"key":"Lantern"},{"floor":26,"key":"Omamori"},{"floor":29,"key":"Ancient Tea Set"},{"floor":40,"key":"Bottled Lightning"},{"floor":42,"key":"Kunai"},{"floor":43,"key":"Peace Pipe"},{"floor":47,"key":"Darkstone Periapt"},{"floor":55,"key":"Anchor"}],"event_choices":[{"damage_healed":0,"gold_gain":0,"player_choice":"Success","damage_taken":45,"relics_obtained":["Question Card"],"max_hp_gain":0,"max_hp_loss":0,"event_name":"Scrap Ooze","floor":4,"gold_loss":0},{"damage_healed":0,"gold_gain":0,"player_choice":"Ignored","damage_taken":0,"max_hp_gain":0,"max_hp_loss":0,"event_name":"Shining Light","floor":5,"gold_loss":0},{"damage_healed":0,"gold_gain":0,"player_choice":"Became a Ghost","damage_taken":0,"max_hp_gain":0,"max_hp_loss":41,"event_name":"Ghosts","floor":20,"gold_loss":0,"cards_obtained":["Ghostly","Ghostly","Ghostly"]},{"damage_healed":0,"gold_gain":0,"player_choice":"Got Potions","damage_taken":0,"max_hp_gain":0,"max_hp_loss":0,"event_name":"Lab","floor":21,"gold_loss":0},{"damage_healed":0,"gold_gain":0,"player_choice":"Became a vampire","damage_taken":0,"max_hp_gain":0,"max_hp_loss":18,"event_name":"Vampires","floor":30,"gold_loss":0,"cards_obtained":["Bite","Bite","Bite","Bite","Bite"]},{"damage_healed":0,"gold_gain":0,"player_choice":"Simplicity","damage_taken":0,"max_hp_gain":0,"max_hp_loss":0,"event_name":"Back to Basics","floor":31,"gold_loss":0,"cards_upgraded":["Defend_R","Defend_R","Defend_R","Defend_R"]},{"cards_removed":["Bite"],"damage_healed":0,"gold_gain":0,"player_choice":"Purged","damage_taken":0,"max_hp_gain":0,"max_hp_loss":0,"event_name":"Purifier","floor":39,"gold_loss":0}],"is_beta":true,"boss_relics":[{"not_picked":["Coffee Dripper","Black Blood"],"picked":"Orrery"},{"not_picked":["White Beast Statue","Black Star"],"picked":"Fusion Hammer"}],"items_purged_floors":[19,44],"is_endless":false,"potions_floor_spawned":[1,2,10,14,16,18,24,25,35,37,40,45,47],"ascension_level":20}