{"gold_per_floor":[113,113,125,135,60,60,89,89,89,104,132,132,151,181,181,256,256,268,25,25,36,36,36,68,68,68,68,15,15,43,53,53,127,127,142,153,166,41,41,73,87,137,137,137,149,179,179,196,196,196,196,196,196,36,63,63],"floor_reached":57,"playtime":5057,"items_purged":["Strike_R","Strike_R","Strike_R"],"score":2716,"play_id":"5d85b92a-08b8-4a2b-9f86-e929dd3d83d4","local_time":"20190413123429","is_ascension_mode":true,"campfire_choices":[{"data":"Clothesline","floor":6,"key":"SMITH"},{"data":"Hemokinesis","floor":8,"key":"SMITH"},{"floor":15,"key":"REST"},{"floor":23,"key":"REST"},{"data":"Armaments","floor":25,"key":"SMITH"},{"floor":27,"key":"REST"},{"floor":32,"key":"REST"},{"data":"Limit Break","floor":44,"key":"SMITH"},{"floor":47,"key":"RECALL"},{"data":"Feel No Pain","floor":49,"key":"SMITH"},{"data":"True Grit","floor":53,"key":"SMITH"}],"neow_cost":"NONE","seed_source_timestamp":249123791000227,"circlet_count":0,"master_deck":["AscendersBane","Strike_R+1","Strike_R","Defend_R","Defend_R","Defend_R+1","Defend_R","Bash+1","Twin Strike+1","Clothesline+1","Impervious","Hemokinesis+1","Thunderclap","Spot Weakness","Reaper","Inflame","Good Instincts","Anger","Disarm","Armaments+1","Feel No Pain+1","Feed","Limit Break+1","True Grit+1","Impervious","Headbutt","Impervious","Heavy Blade","Offering","Shockwave","Shrug It Off"],"relics":["Burning Blood","Letter Opener","Kunai","Odd Mushroom","Runic Pyramid","StoneCalendar","Art of War","Nloth\u0027s Gift","Bottled Tornado","Coffee Dripper","Smiling Mask","Boot","Pantograph"],"potions_floor_usage":[7,24,30,30,55,56],"damage_taken":[{"damage":2,"enemies":"2 Louse","floor":1,"turns":2},{"damage":6,"enemies":"Cultist","floor":3,"turns":3},{"damage":0,"enemies":"Small Slimes","floor":4,"turns":2},{"damage":6,"enemies":"Gremlin Nob","floor":7,"turns":3},{"damage":5,"enemies":"Looter","floor":10,"turns":3},{"damage":12,"enemies":"The Mushroom Lair","floor":11,"turns":5},{"damage":8,"enemies":"Large Slime","floor":13,"turns":5},{"damage":30,"enemies":"Lagavulin","floor":14,"turns":9},{"damage":20,"enemies":"The Guardian","floor":16,"turns":9},{"damage":27,"enemies":"2 Thieves","floor":18,"turns":4},{"damage":38,"enemies":"3 Byrds","floor":21,"turns":7},{"damage":51,"enemies":"Book of Stabbing","floor":24,"turns":6},{"damage":45,"enemies":"Slavers","floor":30,"turns":6},{"damage":32,"enemies":"Centurion and Healer","floor":31,"turns":7},{"damage":20,"enemies":"Automaton","floor":33,"turns":11},{"damage":44,"enemies":"3 Darklings","floor":35,"turns":7},{"damage":10,"enemies":"Orb Walker","floor":36,"turns":3},{"damage":49,"enemies":"3 Darklings","floor":37,"turns":6},{"damage":72,"enemies":"Reptomancer","floor":40,"turns":8},{"damage":3,"enemies":"Maw","floor":41,"turns":8},{"damage":32,"enemies":"Jaw Worm Horde","floor":45,"turns":5},{"damage":58,"enemies":"Giant Head","floor":46,"turns":9},{"damage":0,"enemies":"4 Shapes","floor":48,"turns":7},{"damage":93,"enemies":"Awakened One","floor":50,"turns":15},{"damage":34,"enemies":"Time Eater","floor":51,"turns":12},{"damage":53,"enemies":"Shield and Spear","floor":55,"turns":8},{"damage":99,"enemies":"The Heart","floor":56,"turns":11}],"seed_played":"-2900710235903482904","potions_obtained":[{"floor":4,"key":"Energy Potion"},{"floor":7,"key":"Explosive Potion"},{"floor":14,"key":"Ancient Potion"},{"floor":16,"key":"FearPotion"},{"floor":31,"key":"SteroidPotion"},{"floor":35,"key":"Dexterity Potion"}],"is_trial":false,"path_per_floor":["M","?","M","M","$","R","E","R","T","M","?","?","M","E","R","B",null,"M","$","?","M","?","R","E","R","T","R","$","?","E","M","R","B",null,"M","M","M","$","?","E","M","?","T","R","M","E","R","M","R","B","B",null,"R","$","E","B",null],"character_chosen":"IRONCLAD","items_purchased":["Good Instincts","Metallicize","SteroidPotion","Offering","Shockwave"],"campfire_rested":4,"item_purchase_floors":[19,19,28,54,54],"current_hp_per_floor":[72,72,72,75,75,75,75,75,75,75,69,46,44,20,42,28,63,61,61,61,48,27,51,19,19,19,43,43,43,43,44,68,80,83,86,85,82,82,82,77,103,103,103,103,107,92,92,115,115,119,123,123,123,123,124,87],"gold":63,"neow_bonus":"UPGRADE_CARD","is_prod":false,"is_daily":false,"chose_seed":false,"campfire_upgraded":6,"win_rate":0,"timestamp":1555184069,"path_taken":["M","?","M","M","$","R","E","R","T","?","?","?","M","E","R","BOSS","M","$","?","M","?","R","E","R","T","R","?","?","E","M","R","BOSS","M","M","M","$","?","E","M","?","T","R","M","E","R","M","R","BOSS","BOSS","R","$","E","BOSS"],"build_version":"2019-04-04","purchased_purges":3,"victory":true,"max_hp_per_floor":[75,75,75,75,75,75,75,75,75,75,75,75,75,75,75,75,75,75,75,75,75,80,80,80,80,80,80,80,80,80,80,80,84,84,88,91,95,95,95,99,103,103,103,103,107,111,111,115,115,119,123,123,123,123,126,126],"card_choices":[{"not_picked":["Warcry","Sword Boomerang"],"picked":"Twin Strike","floor":1},{"not_picked":["Warcry","Flex"],"picked":"Clothesline","floor":3},{"not_picked":["Anger","Clothesline"],"picked":"Impervious","floor":4},{"not_picked":["Sword Boomerang","Wild Strike"],"picked":"Hemokinesis","floor":7},{"not_picked":["Sword Boomerang","Flex"],"picked":"Thunderclap","floor":10},{"not_picked":["Shockwave","Body Slam"],"picked":"Spot Weakness","floor":13},{"not_picked":["Clothesline","Heavy Blade","Body Slam"],"picked":"SKIP","floor":14},{"not_picked":["Clothesline","Heavy Blade","Body Slam"],"picked":"SKIP","floor":14},{"not_picked":["Fiend Fire","Barricade"],"picked":"Reaper","floor":16},{"not_picked":["Pummel","Body Slam"],"picked":"Inflame","floor":18},{"not_picked":["Reckless Charge","Rampage+1"],"picked":"Disarm","floor":21},{"not_picked":["Hemokinesis","Inflame"],"picked":"Armaments","floor":24},{"not_picked":["Clash","Pommel Strike"],"picked":"Feel No Pain","floor":30},{"not_picked":["Headbutt+1","Body Slam"],"picked":"Feed","floor":31},{"not_picked":["Dark Embrace","Exhume"],"picked":"Limit Break","floor":33},{"not_picked":["Uppercut","Warcry"],"picked":"True Grit","floor":35},{"not_picked":["Cleave","Clothesline+1","Flex"],"picked":"SKIP","floor":36},{"not_picked":["Body Slam","Infernal Blade"],"picked":"Impervious","floor":37},{"not_picked":["Cleave","Clothesline+1","Intimidate"],"picked":"SKIP","floor":40},{"not_picked":["Infernal Blade","Rage"],"picked":"Headbutt","floor":41},{"not_picked":["Havoc","Wild Strike+1","Clothesline"],"picked":"SKIP","floor":45},{"not_picked":["Twin Strike+1","Headbutt"],"picked":"Impervious","floor":46},{"not_picked":["Pommel Strike+1","Iron Wave"],"picked":"Heavy Blade","floor":48},{"not_picked":["Seeing Red+1","Clothesline"],"picked":"Shrug It Off","floor":55}],"player_experience":5568344,"relics_obtained":[{"floor":7,"key":"Letter Opener"},{"floor":9,"key":"Kunai"},{"floor":11,"key":"Odd Mushroom"},{"floor":14,"key":"Shovel"},{"floor":24,"key":"StoneCalendar"},{"floor":26,"key":"Art of War"},{"floor":30,"key":"Bottled Tornado"},{"floor":40,"key":"Smiling Mask"},{"floor":46,"key":"Boot"},{"floor":55,"key":"Pantograph"}],"event_choices":[{"damage_healed":0,"gold_gain":0,"player_choice":"Upgraded","damage_taken":0,"max_hp_gain":0,"max_hp_loss":0,"event_name":"Upgrade Shrine","floor":2,"gold_loss":0,"cards_upgraded":["Twin Strike"]},{"damage_healed":0,"gold_gain":0,"player_choice":"Fought Mushrooms","damage_taken":0,"max_hp_gain":0,"max_hp_loss":0,"event_name":"Mushrooms","floor":11,"gold_loss":0},{"damage_healed":0,"gold_gain":0,"player_choice":"Entered Light","damage_taken":23,"max_hp_gain":0,"max_hp_loss":0,"event_name":"Shining Light","floor":12,"gold_loss":0,"cards_upgraded":["Defend_R","Strike_R"]},{"damage_healed":0,"gold_gain":0,"player_choice":"Read","damage_taken":0,"max_hp_gain":0,"max_hp_loss":0,"event_name":"The Library","floor":20,"gold_loss":0,"cards_obtained":["Anger"]},{"damage_healed":0,"gold_gain":0,"player_choice":"Shed Blood","damage_taken":26,"max_hp_gain":5,"max_hp_loss":0,"event_name":"Forgotten Altar","floor":22,"gold_loss":0},{"damage_healed":0,"gold_gain":0,"player_choice":"Traded Relic","damage_taken":0,"relics_obtained":["Nloth\u0027s Gift"],"max_hp_gain":0,"max_hp_loss":0,"event_name":"N\u0027loth","floor":29,"relics_lost":["Shovel"],"gold_loss":0},{"cards_removed":["Metallicize"],"damage_healed":0,"gold_gain":0,"player_choice":"Removed Power","damage_taken":0,"max_hp_gain":0,"max_hp_loss":0,"event_name":"Falling","floor":39,"gold_loss":0},{"damage_healed":0,"gold_gain":50,"player_choice":"Pray","damage_taken":0,"max_hp_gain":0,"max_hp_loss":0,"event_name":"Golden Shrine","floor":42,"gold_loss":0}],"is_beta":true,"boss_relics":[{"not_picked":["Pandora\u0027s Box","Philosopher\u0027s Stone"],"picked":"Runic Pyramid"},{"not_picked":["Orrery","Eternal Feather"],"picked":"Coffee Dripper"}],"items_purged_floors":[5,19,38],"is_endless":false,"potions_floor_spawned":[4,7,14,16,31,35,41,46],"ascension_level":20}