{"gold_per_floor":[17,32,32,32,32,32,47,47,93,93,93,113,141,156,156,234,234,247,247,258,533,176,176,194,194,194,212,245,245,277,290,290,290],"floor_reached":33,"playtime":1726,"items_purged":["Regret"],"score":620,"play_id":"3456c8dd-a158-4b56-a9c9-84fba7b18698","local_time":"20190412145047","is_ascension_mode":true,"campfire_choices":[{"data":"Deadly Poison","floor":6,"key":"SMITH"},{"data":"Flechettes","floor":8,"key":"SMITH"},{"data":"Leg Sweep","floor":10,"key":"SMITH"},{"data":"Blade Dance","floor":15,"key":"SMITH"},{"data":"Deadly Poison","floor":23,"key":"SMITH"},{"data":"Glass Knife","floor":25,"key":"SMITH"},{"data":"1","floor":29,"key":"LIFT"},{"floor":32,"key":"REST"}],"neow_cost":"NO_GOLD","seed_source_timestamp":174249783886649,"circlet_count":0,"master_deck":["AscendersBane","Defend_G","Defend_G","Defend_G","Defend_G","Defend_G","Strike_G","Strike_G","Strike_G+1","Strike_G","Survivor","Neutralize+1","Adrenaline","Deadly Poison+1","Leg Sweep+1","Flechettes+1","Calculated Gamble","Backflip","Blade Dance+1","Glass Knife+1","PiercingWail","RitualDagger","Deadly Poison+1","Night Terror+1","Cloak And Dagger+1","Prepared+1","Footwork","Backflip+1"],"relics":["Ring of the Snake","Vajra","Torii","Sozu","Toxic Egg 2","Girya","Whetstone","Happy Flower"],"potions_floor_usage":[30,31],"damage_taken":[{"damage":0,"enemies":"Small Slimes","floor":1,"turns":4},{"damage":0,"enemies":"2 Louse","floor":2,"turns":2},{"damage":0,"enemies":"Cultist","floor":7,"turns":4},{"damage":8,"enemies":"Looter","floor":12,"turns":3},{"damage":2,"enemies":"3 Sentries","floor":13,"turns":10},{"damage":0,"enemies":"Red Slaver","floor":14,"turns":2},{"damage":26,"enemies":"Hexaghost","floor":16,"turns":11},{"damage":0,"enemies":"3 Byrds","floor":18,"turns":5},{"damage":1,"enemies":"Spheric Guardian","floor":20,"turns":3},{"damage":7,"enemies":"Snake Plant","floor":24,"turns":4},{"damage":10,"enemies":"Sentry and Sphere","floor":27,"turns":3},{"damage":12,"enemies":"Book of Stabbing","floor":28,"turns":5},{"damage":0,"enemies":"Gremlin Leader","floor":30,"turns":6},{"damage":0,"enemies":"Chosen and Byrds","floor":31,"turns":4},{"damage":40,"enemies":"Collector","floor":33,"turns":5}],"seed_played":"5515776849969380106","potions_obtained":[{"floor":5,"key":"Ancient Potion"},{"floor":5,"key":"SmokeBomb"},{"floor":7,"key":"GhostInAJar"},{"floor":12,"key":"SteroidPotion"},{"floor":13,"key":"Strength Potion"}],"is_trial":false,"path_per_floor":["M","M","?","?","?","R","M","R","T","R","?","M","E","M","R","B",null,"M","?","M","?","$","R","M","R","T","M","E","R","E","M","R","B"],"character_chosen":"THE_SILENT","items_purchased":["Toxic Egg 2"],"campfire_rested":1,"item_purchase_floors":[22],"current_hp_per_floor":[59,59,52,52,52,52,52,52,52,52,48,40,38,38,38,12,53,53,47,46,46,46,46,39,39,39,29,17,17,17,17,36,0],"gold":290,"neow_bonus":"THREE_RARE_CARDS","is_prod":false,"is_daily":false,"chose_seed":false,"campfire_upgraded":6,"win_rate":0,"timestamp":1555105847,"path_taken":["M","M","?","?","?","R","?","R","T","R","?","M","E","?","R","BOSS","M","?","M","?","$","R","M","R","T","?","E","R","E","M","R","BOSS"],"build_version":"2019-04-04","purchased_purges":1,"victory":false,"max_hp_per_floor":[66,66,66,66,66,66,66,66,66,66,66,66,66,66,66,66,66,66,66,66,66,66,66,66,66,66,66,66,66,66,66,66,66],"card_choices":[{"not_picked":["Die Die Die","Tools of the Trade"],"picked":"Adrenaline","floor":0},{"not_picked":["Dagger Throw","Blur"],"picked":"Deadly Poison","floor":1},{"not_picked":["Slice","Sucker Punch"],"picked":"Leg Sweep","floor":2},{"not_picked":["Deflect","Sucker Punch"],"picked":"Flechettes","floor":7},{"not_picked":["PiercingWail","Expertise"],"picked":"Calculated Gamble","floor":12},{"not_picked":["Cloak And Dagger","Sucker Punch"],"picked":"Backflip","floor":13},{"not_picked":["Deflect","Underhanded Strike"],"picked":"Blade Dance","floor":14},{"not_picked":["Grand Finale","Night Terror"],"picked":"Glass Knife","floor":16},{"not_picked":["Deflect","Flying Knee+1"],"picked":"PiercingWail","floor":18},{"not_picked":["Dagger Spray","Underhanded Strike"],"picked":"Deadly Poison","floor":20},{"not_picked":["Underhanded Strike","Masterful Stab"],"picked":"Night Terror+1","floor":24},{"not_picked":["Calculated Gamble+1","Blade Dance+1"],"picked":"Cloak And Dagger+1","floor":27},{"not_picked":["Flying Knee","Distraction+1"],"picked":"Prepared+1","floor":28},{"not_picked":["Catalyst+1","Dagger Spray"],"picked":"Footwork","floor":30},{"not_picked":["Dodge and Roll+1","PiercingWail+1"],"picked":"Backflip+1","floor":31}],"player_experience":5561066,"relics_obtained":[{"floor":9,"key":"Vajra"},{"floor":13,"key":"Torii"},{"floor":26,"key":"Girya"},{"floor":28,"key":"Whetstone"},{"floor":30,"key":"Happy Flower"}],"event_choices":[{"cards_removed":["Strike_G"],"damage_healed":0,"gold_gain":0,"player_choice":"Card Removal","damage_taken":7,"max_hp_gain":0,"max_hp_loss":0,"event_name":"Golden Wing","floor":3,"gold_loss":0},{"damage_healed":0,"gold_gain":0,"player_choice":"Ignored","damage_taken":0,"max_hp_gain":0,"max_hp_loss":0,"event_name":"Liars Game","floor":4,"gold_loss":0},{"damage_healed":0,"gold_gain":0,"player_choice":"Got Potions","damage_taken":0,"max_hp_gain":0,"max_hp_loss":0,"event_name":"Lab","floor":5,"gold_loss":0},{"damage_healed":0,"gold_gain":0,"player_choice":"Bought 0 Potions","damage_taken":0,"max_hp_gain":0,"max_hp_loss":0,"event_name":"The Woman in Blue","floor":11,"gold_loss":0},{"damage_healed":0,"gold_gain":0,"player_choice":"Joined the Cult","damage_taken":6,"max_hp_gain":0,"max_hp_loss":0,"event_name":"Nest","floor":19,"gold_loss":0,"cards_obtained":["RitualDagger"]},{"damage_healed":0,"gold_gain":275,"player_choice":"Desecrate","damage_taken":0,"max_hp_gain":0,"max_hp_loss":0,"event_name":"Golden Shrine","floor":21,"gold_loss":0,"cards_obtained":["Regret"]}],"is_beta":true,"boss_relics":[{"not_picked":["Tiny House","Lizard Tail"],"picked":"Sozu"}],"items_purged_floors":[22],"is_endless":false,"potions_floor_spawned":[7,12,13,16,20],"killed_by":"Collector","ascension_level":20}