{"gold_per_floor":[114,134,209,228,228,228,228,267,343,343,4,19,60,60,60,158,158,172,172,195,208,224,567,567,492,544,585,605,605,605,649,649,748,748,766,1765,1122,1180,699,699,715,715,742,331,344,344,379,220,220,220,220,220,220,12,52,52],"floor_reached":57,"playtime":4727,"items_purged":["Strike_G","Strike_G","Strike_G"],"score":2788,"play_id":"1e279002-6dcb-4635-a897-fa30851bdaca","local_time":"20190417130224","is_ascension_mode":true,"campfire_choices":[{"data":"Predator","floor":6,"key":"SMITH"},{"data":"Dagger Spray","floor":10,"key":"SMITH"},{"data":"Dash","floor":15,"key":"SMITH"},{"data":"Caltrops","floor":24,"key":"SMITH"},{"data":"Well Laid Plans","floor":30,"key":"SMITH"},{"floor":32,"key":"REST"},{"floor":40,"key":"RECALL"},{"floor":46,"key":"REST"},{"floor":49,"key":"REST"},{"floor":53,"key":"REST"}],"neow_cost":"NONE","seed_source_timestamp":216773706740477,"circlet_count":0,"master_deck":["AscendersBane","Defend_G","Defend_G","Defend_G+1","Defend_G+1","Defend_G","Survivor","Neutralize+1","Predator+1","Cloak And Dagger","Footwork+1","Dagger Spray+1","Dash+1","Leg Sweep","Die Die Die+1","Skewer+1","Caltrops+1","Noxious Fumes+1","Calculated Gamble","Well Laid Plans+1","Poisoned Stab+1","Malaise","Backflip+1","Catalyst","Poisoned Stab+1","Dark Shackles","Malaise","Backflip","Escape Plan","Well Laid Plans","Crippling Poison","Acrobatics"],"relics":["Ring of the Snake","Golden Idol","Ancient Tea Set","Pear","Pocketwatch","Molten Egg 2","Sozu","Old Coin","Blood Vial","Meat on the Bone","Omamori","Fusion Hammer","War Paint","Sundial","Tough Bandages","FossilizedHelix","Vajra","DollysMirror","Incense Burner","Letter Opener"],"potions_floor_usage":[13,27,33],"damage_taken":[{"damage":1,"enemies":"2 Louse","floor":1,"turns":4},{"damage":4,"enemies":"Jaw Worm","floor":2,"turns":3},{"damage":0,"enemies":"Small Slimes","floor":4,"turns":3},{"damage":14,"enemies":"Lagavulin","floor":8,"turns":12},{"damage":0,"enemies":"3 Louse","floor":12,"turns":2},{"damage":5,"enemies":"Gremlin Nob","floor":13,"turns":4},{"damage":1,"enemies":"The Guardian","floor":16,"turns":14},{"damage":0,"enemies":"Shell Parasite","floor":18,"turns":7},{"damage":0,"enemies":"Chosen","floor":20,"turns":4},{"damage":0,"enemies":"Sentry and Sphere","floor":21,"turns":7},{"damage":0,"enemies":"Snake Plant","floor":22,"turns":5},{"damage":9,"enemies":"Book of Stabbing","floor":23,"turns":6},{"damage":18,"enemies":"Slavers","floor":27,"turns":4},{"damage":0,"enemies":"Snecko","floor":28,"turns":5},{"damage":18,"enemies":"Book of Stabbing","floor":31,"turns":6},{"damage":37,"enemies":"Collector","floor":33,"turns":10},{"damage":0,"enemies":"Orb Walker","floor":35,"turns":5},{"damage":39,"enemies":"2 Orb Walkers","floor":38,"turns":4},{"damage":11,"enemies":"3 Darklings","floor":41,"turns":4},{"damage":0,"enemies":"Maw","floor":45,"turns":8},{"damage":0,"enemies":"Giant Head","floor":47,"turns":10},{"damage":0,"enemies":"Time Eater","floor":50,"turns":18},{"damage":26,"enemies":"Awakened One","floor":51,"turns":21},{"damage":18,"enemies":"Shield and Spear","floor":55,"turns":9},{"damage":22,"enemies":"The Heart","floor":56,"turns":12}],"seed_played":"-4081187201449061165","potions_obtained":[{"floor":1,"key":"Energy Potion"},{"floor":8,"key":"GamblersBrew"},{"floor":16,"key":"SkillPotion"}],"is_trial":false,"path_per_floor":["M","M","?","M","?","R","?","E","T","R","$","M","E","?","R","B",null,"M","?","M","M","M","E","R","?","T","E","M","?","R","E","R","B",null,"M","?","$","?","$","R","M","?","T","$","M","R","E","$","R","B","B",null,"R","$","E","B",null],"character_chosen":"THE_SILENT","items_purchased":["Pocketwatch","Catalyst","Poisoned Stab+1","War Paint","Sundial","FossilizedHelix","Vajra","Dark Shackles","DollysMirror","Escape Plan","Well Laid Plans","Crippling Poison"],"campfire_rested":4,"item_purchase_floors":[11,37,37,37,37,39,39,44,44,48,48,54],"current_hp_per_floor":[58,54,43,43,43,43,25,11,21,21,21,21,16,9,9,8,55,55,55,55,55,55,46,46,46,46,30,44,44,44,40,61,38,62,64,64,64,39,39,39,42,42,42,42,44,63,65,65,66,66,40,60,66,66,48,40],"gold":52,"neow_bonus":"UPGRADE_CARD","is_prod":false,"is_daily":false,"chose_seed":false,"campfire_upgraded":5,"win_rate":0,"timestamp":1555531344,"path_taken":["M","M","?","M","?","R","?","E","T","R","$","M","E","?","R","BOSS","M","?","?","M","M","E","R","?","T","E","M","?","R","E","R","BOSS","M","?","$","?","$","R","M","?","T","$","M","R","E","?","R","BOSS","BOSS","R","$","E","BOSS"],"build_version":"2019-04-04","purchased_purges":3,"victory":true,"max_hp_per_floor":[66,66,66,66,60,60,60,60,70,70,70,70,70,70,70,70,70,70,70,70,70,70,70,70,70,70,70,70,70,70,70,70,70,70,70,70,70,70,70,70,70,66,66,66,66,66,66,66,66,66,66,66,66,66,66,66],"card_choices":[{"not_picked":["Heel Hook","Acrobatics"],"picked":"Predator","floor":1},{"not_picked":["Outmaneuver","Slice"],"picked":"Cloak And Dagger","floor":2},{"not_picked":["Backflip","Blade Dance"],"picked":"Footwork","floor":4},{"not_picked":["Accuracy","Tactician"],"picked":"Dagger Spray","floor":8},{"not_picked":["Poisoned Stab","Sucker Punch"],"picked":"Dash","floor":12},{"not_picked":["Prepared","Acrobatics"],"picked":"Leg Sweep","floor":13},{"not_picked":["Adrenaline","Bullet Time"],"picked":"Die Die Die+1","floor":16},{"not_picked":["Catalyst","Prepared","Dagger Throw+1"],"picked":"SKIP","floor":18},{"not_picked":["Masterful Stab+1","Prepared"],"picked":"Skewer+1","floor":20},{"not_picked":["Sucker Punch+1","Masterful Stab+1","Prepared"],"picked":"SKIP","floor":21},{"not_picked":["Poisoned Stab+1","Sucker Punch+1"],"picked":"Caltrops","floor":22},{"not_picked":["Flying Knee+1","Bane+1","Finisher+1"],"picked":"SKIP","floor":23},{"not_picked":["Unload+1","Flying Knee+1"],"picked":"Noxious Fumes+1","floor":27},{"not_picked":["Slice+1","Skewer+1"],"picked":"Calculated Gamble","floor":28},{"not_picked":["Calculated Gamble","Setup"],"picked":"Poisoned Stab+1","floor":31},{"not_picked":["Glass Knife+1","Burst"],"picked":"Malaise","floor":33},{"not_picked":["Quick Slash+1","Flying Knee+1"],"picked":"Backflip","floor":35},{"not_picked":["Expertise+1","Quick Slash+1","Acrobatics"],"picked":"SKIP","floor":41},{"not_picked":["Endless Agony+1","Sucker Punch+1"],"picked":"Backflip","floor":45},{"not_picked":["Setup","Quick Slash+1","Backstab+1"],"picked":"SKIP","floor":47},{"not_picked":["Grand Finale+1","Finisher+1"],"picked":"Acrobatics","floor":55}],"player_experience":5659553,"relics_obtained":[{"floor":8,"key":"Ancient Tea Set"},{"floor":9,"key":"Pear"},{"floor":13,"key":"Molten Egg 2"},{"floor":23,"key":"Old Coin"},{"floor":26,"key":"Blood Vial"},{"floor":27,"key":"Meat on the Bone"},{"floor":31,"key":"Omamori"},{"floor":38,"key":"Tough Bandages"},{"floor":47,"key":"Incense Burner"},{"floor":55,"key":"Letter Opener"}],"event_choices":[{"damage_healed":0,"gold_gain":75,"player_choice":"Gather Gold","damage_taken":11,"max_hp_gain":0,"max_hp_loss":0,"event_name":"World of Goop","floor":3,"gold_loss":0},{"damage_healed":0,"gold_gain":0,"player_choice":"Lose Max HP","damage_taken":0,"relics_obtained":["Golden Idol"],"max_hp_gain":0,"max_hp_loss":6,"event_name":"Golden Idol","floor":5,"gold_loss":0},{"damage_healed":0,"gold_gain":0,"player_choice":"Entered Light","damage_taken":18,"max_hp_gain":0,"max_hp_loss":0,"event_name":"Shining Light","floor":7,"gold_loss":0,"cards_upgraded":["Footwork","Defend_G"]},{"cards_removed":["Strike_G"],"damage_healed":0,"gold_gain":0,"player_choice":"Card Removal","damage_taken":7,"max_hp_gain":0,"max_hp_loss":0,"event_name":"Golden Wing","floor":14,"gold_loss":0},{"damage_healed":0,"gold_gain":0,"player_choice":"Got Potions","damage_taken":0,"max_hp_gain":0,"max_hp_loss":0,"event_name":"Lab","floor":19,"gold_loss":0},{"cards_removed":["Strike_G"],"damage_healed":0,"gold_gain":0,"player_choice":"Gave Gold","damage_taken":0,"max_hp_gain":0,"max_hp_loss":0,"event_name":"Beggar","floor":25,"gold_loss":75},{"damage_healed":0,"gold_gain":0,"player_choice":"Read","damage_taken":0,"max_hp_gain":0,"max_hp_loss":0,"event_name":"The Library","floor":29,"gold_loss":0,"cards_obtained":["Well Laid Plans"]},{"damage_healed":0,"gold_gain":999,"player_choice":"Gold","damage_taken":0,"max_hp_gain":0,"max_hp_loss":0,"event_name":"MindBloom","floor":36,"gold_loss":0,"cards_obtained":["Normality","Normality"]},{"damage_healed":0,"gold_gain":0,"player_choice":"Fight","damage_taken":0,"max_hp_gain":0,"max_hp_loss":0,"event_name":"Mysterious Sphere","floor":38,"gold_loss":0},{"damage_healed":0,"gold_gain":0,"player_choice":"Max HP","damage_taken":0,"max_hp_gain":0,"max_hp_loss":4,"event_name":"Winding Halls","floor":42,"gold_loss":0}],"is_beta":true,"boss_relics":[{"not_picked":["Black Star","WristBlade"],"picked":"Sozu"},{"not_picked":["Philosopher\u0027s Stone","Ring of the Serpent"],"picked":"Fusion Hammer"}],"items_purged_floors":[37,44,54],"is_endless":false,"potions_floor_spawned":[1,8,12,16,18,22,28,33,38,41,47,55],"ascension_level":20}