{"gold_per_floor":[111,111,186,186,50,50,76,76],"floor_reached":8,"playtime":409,"items_purged":[],"score":84,"play_id":"69d2e867-f23f-46fa-9435-388cab842341","local_time":"20190411223613","is_ascension_mode":true,"campfire_choices":[{"floor":6,"key":"REST"}],"neow_cost":"PERCENT_DAMAGE","seed_source_timestamp":117093178506179,"circlet_count":0,"master_deck":["AscendersBane","Strike_R","Strike_R","Strike_R","Strike_R","Defend_R","Defend_R","Defend_R","Defend_R","Bash","Impervious","Inflame","Disarm"],"relics":["Burning Blood","Odd Mushroom"],"potions_floor_usage":[7,8],"damage_taken":[{"damage":18,"enemies":"Jaw Worm","floor":1,"turns":8},{"damage":11,"enemies":"The Mushroom Lair","floor":7,"turns":5},{"damage":54,"enemies":"Lagavulin","floor":8,"turns":6}],"seed_played":"7687138607740615163","potions_obtained":[{"floor":7,"key":"BloodPotion"}],"is_trial":false,"path_per_floor":["M","?","?","?","$","R","?","E"],"character_chosen":"IRONCLAD","items_purchased":["Inflame","Explosive Potion"],"campfire_rested":1,"item_purchase_floors":[5,5],"current_hp_per_floor":[38,31,20,20,20,42,37,0],"gold":76,"neow_bonus":"THREE_RARE_CARDS","is_prod":false,"is_daily":false,"chose_seed":false,"campfire_upgraded":0,"win_rate":0,"timestamp":1555047373,"path_taken":["M","?","?","?","$","R","?","E"],"build_version":"2019-04-04","purchased_purges":0,"victory":false,"max_hp_per_floor":[75,75,75,75,75,75,75,75],"card_choices":[{"not_picked":["Barricade","Demon Form"],"picked":"Impervious","floor":0},{"not_picked":["Flex","Dropkick","True Grit"],"picked":"SKIP","floor":1},{"not_picked":["Body Slam","Double Tap"],"picked":"Disarm","floor":7}],"player_experience":5542475,"relics_obtained":[{"floor":7,"key":"Odd Mushroom"}],"event_choices":[{"cards_removed":["Strike_R"],"damage_healed":0,"gold_gain":0,"player_choice":"Card Removal","damage_taken":7,"max_hp_gain":0,"max_hp_loss":0,"event_name":"Golden Wing","floor":2,"gold_loss":0},{"damage_healed":0,"gold_gain":75,"player_choice":"Gather Gold","damage_taken":11,"max_hp_gain":0,"max_hp_loss":0,"event_name":"World of Goop","floor":3,"gold_loss":0},{"damage_healed":0,"gold_gain":0,"player_choice":"Ignored","damage_taken":0,"max_hp_gain":0,"max_hp_loss":0,"event_name":"Shining Light","floor":4,"gold_loss":0},{"damage_healed":0,"gold_gain":0,"player_choice":"Fought Mushrooms","damage_taken":0,"max_hp_gain":0,"max_hp_loss":0,"event_name":"Mushrooms","floor":7,"gold_loss":0}],"is_beta":true,"boss_relics":[],"items_purged_floors":[],"is_endless":false,"potions_floor_spawned":[7],"killed_by":"Lagavulin","ascension_level":20}