{"gold_per_floor":[364,46,56,67,79,79,79,111,135,178,190,227,49,49,49,120,120,98,11,11,21,121,121,148,148,194,194,194],"floor_reached":28,"playtime":1797,"items_purged":["Strike_B","Strike_B"],"score":554,"play_id":"5ed9d4de-0e69-4b3f-8619-d30f6e033229","local_time":"20190414170326","is_ascension_mode":true,"campfire_choices":[{"data":"Defragment","floor":6,"key":"SMITH"},{"floor":11,"key":"REST"},{"data":"Defragment","floor":15,"key":"SMITH"},{"data":"Self Repair","floor":23,"key":"SMITH"},{"data":"Reboot","floor":25,"key":"SMITH"},{"data":"Defragment","floor":27,"key":"SMITH"}],"neow_cost":"TEN_PERCENT_HP_LOSS","seed_source_timestamp":354937805689559,"circlet_count":0,"master_deck":["AscendersBane","Strike_B","Strike_B","Defend_B","Defend_B+1","Defend_B","Defend_B","Zap+1","Dualcast","Defragment+1","Doom and Gloom","Genetic Algorithm","Ball Lightning","Darkness","FTL","Stack","Defragment+1","Coolheaded","Defragment+1","Hologram","Echo Form","Coolheaded","Self Repair+1","Reinforced Body","BootSequence","Reboot+1"],"relics":["Cracked Core","Vajra","Blood Vial","War Paint","MawBank","Happy Flower","Lantern","Coffee Dripper","Mango","Blue Candle","Dream Catcher"],"potions_floor_usage":[8,12,22,22,28],"damage_taken":[{"damage":0,"enemies":"Cultist","floor":1,"turns":4},{"damage":7,"enemies":"Jaw Worm","floor":3,"turns":3},{"damage":8,"enemies":"Small Slimes","floor":4,"turns":3},{"damage":6,"enemies":"Blue Slaver","floor":5,"turns":5},{"damage":4,"enemies":"Gremlin Nob","floor":8,"turns":3},{"damage":22,"enemies":"Lagavulin","floor":10,"turns":6},{"damage":8,"enemies":"Gremlin Nob","floor":12,"turns":3},{"damage":26,"enemies":"The Guardian","floor":16,"turns":9},{"damage":4,"enemies":"2 Thieves","floor":18,"turns":4},{"damage":19,"enemies":"3 Byrds","floor":21,"turns":4},{"damage":22,"enemies":"Colosseum Slavers","floor":22,"turns":3},{"damage":27,"enemies":"Colosseum Nobs","floor":22,"turns":6},{"damage":0,"enemies":"Book of Stabbing","floor":24,"turns":6},{"damage":50,"enemies":"Slavers","floor":28,"turns":6}],"seed_played":"1380599351943478013","potions_obtained":[{"floor":3,"key":"FocusPotion"},{"floor":5,"key":"Poison Potion"},{"floor":10,"key":"Dexterity Potion"},{"floor":12,"key":"AttackPotion"},{"floor":18,"key":"PowerPotion"},{"floor":22,"key":"Swift Potion"}],"is_trial":false,"path_per_floor":["M","$","M","M","M","R","?","E","T","E","R","E","$","?","R","B",null,"M","$","$","M","?","R","E","R","T","R","E"],"character_chosen":"DEFECT","items_purchased":["Doom and Gloom","Vajra","Defragment","Coolheaded","Self Repair"],"campfire_rested":1,"item_purchase_floors":[2,2,13,13,19],"current_hp_per_floor":[64,64,57,49,43,43,43,41,41,21,40,34,34,34,34,10,51,49,49,49,46,29,29,41,41,41,41,0],"gold":194,"neow_bonus":"TWO_FIFTY_GOLD","is_prod":false,"is_daily":false,"chose_seed":false,"campfire_upgraded":5,"win_rate":0,"timestamp":1555286606,"path_taken":["M","$","?","M","M","R","?","E","T","E","R","E","?","?","R","BOSS","M","?","$","?","?","R","E","R","T","R","E"],"build_version":"2019-04-04","purchased_purges":2,"victory":false,"max_hp_per_floor":[64,64,64,64,64,64,64,64,64,64,64,64,64,64,64,64,64,64,64,64,64,78,78,78,78,78,78,78],"card_choices":[{"not_picked":["Redo","Turbo"],"picked":"Defragment","floor":1},{"not_picked":["Stack","Cold Snap"],"picked":"Genetic Algorithm","floor":3},{"not_picked":["Redo","Melter"],"picked":"Gash","floor":4},{"not_picked":["Scrape","Reinforced Body"],"picked":"Ball Lightning","floor":5},{"not_picked":["Turbo","Hologram"],"picked":"Darkness","floor":8},{"not_picked":["Gash","Sunder"],"picked":"FTL","floor":10},{"not_picked":["Force Field","Gash"],"picked":"Stack","floor":12},{"not_picked":["Fission","Rainbow"],"picked":"Echo Form","floor":16},{"not_picked":["Capacitor","Leap"],"picked":"Coolheaded","floor":18},{"not_picked":["Hologram","Stack"],"picked":"Reinforced Body","floor":21},{"not_picked":["Compile Driver","Coolheaded"],"picked":"BootSequence","floor":22},{"not_picked":["Tempest","Steam+1"],"picked":"Reboot","floor":24}],"player_experience":5601438,"relics_obtained":[{"floor":8,"key":"War Paint"},{"floor":9,"key":"MawBank"},{"floor":10,"key":"Happy Flower"},{"floor":12,"key":"Lantern"},{"floor":22,"key":"Mango"},{"floor":22,"key":"Blue Candle"},{"floor":24,"key":"Dream Catcher"}],"event_choices":[{"cards_removed":["Gash"],"damage_healed":0,"gold_gain":0,"player_choice":"Gave Card","damage_taken":0,"relics_obtained":["Blood Vial"],"max_hp_gain":0,"max_hp_loss":0,"event_name":"WeMeetAgain","floor":7,"gold_loss":0},{"damage_healed":0,"gold_gain":0,"player_choice":"2 cards matched","damage_taken":0,"max_hp_gain":0,"max_hp_loss":0,"event_name":"Match and Keep!","floor":14,"gold_loss":0,"cards_obtained":["Defragment","Hologram"]},{"damage_healed":0,"gold_gain":0,"player_choice":"Fight","damage_taken":0,"max_hp_gain":0,"max_hp_loss":0,"event_name":"Colosseum","floor":22,"gold_loss":0},{"damage_healed":0,"gold_gain":0,"player_choice":"Fought Nobs","damage_taken":0,"max_hp_gain":0,"max_hp_loss":0,"event_name":"Colosseum","floor":22,"gold_loss":0}],"is_beta":true,"boss_relics":[{"not_picked":["Lizard Tail","Orrery"],"picked":"Coffee Dripper"}],"items_purged_floors":[2,13],"is_endless":false,"potions_floor_spawned":[3,5,10,12,18,22,22],"killed_by":"Slavers","ascension_level":20}