{"gold_per_floor":[362,362,437,437,74,161,161,226,252,252,294,349,389,442,442,545,545,589,116,134,134,9,9,9,24,51,84,84,118,118,154,154,154],"floor_reached":33,"playtime":1758,"items_purged":["Strike_R","Strike_R","Strike_R"],"score":627,"play_id":"9741fcd7-809a-447e-980b-2f751fb7e0f8","local_time":"20190421003728","is_ascension_mode":true,"campfire_choices":[{"data":"HandOfGreed","floor":7,"key":"SMITH"},{"floor":10,"key":"REST"},{"data":"True Grit","floor":15,"key":"SMITH"},{"floor":23,"key":"REST"},{"floor":28,"key":"REST"},{"floor":32,"key":"REST"}],"neow_cost":"CURSE","seed_source_timestamp":125491976226356,"circlet_count":0,"master_deck":["AscendersBane","Strike_R+1","Strike_R+1","Defend_R+1","Defend_R+1","Defend_R+1","Defend_R+1","Bash","Carnage","HandOfGreed+1","Headbutt","Armaments+1","Shockwave","True Grit+1","Flame Barrier","Immolate","Rage","Anger","Intimidate+1","Seeing Red","Flame Barrier","Inflame+1"],"relics":["Burning Blood","Boot","Ancient Tea Set","Oddly Smooth Stone","Tiny Chest","War Paint","Orrery","Regal Pillow","Red Skull","Paper Frog","Strawberry","Mercury Hourglass","Juzu Bracelet"],"potions_floor_usage":[6,18,27,33,33],"damage_taken":[{"damage":13,"enemies":"Jaw Worm","floor":1,"turns":5},{"damage":17,"enemies":"3 Sentries","floor":6,"turns":8},{"damage":1,"enemies":"Small Slimes","floor":8,"turns":3},{"damage":0,"enemies":"Cultist","floor":11,"turns":2},{"damage":29,"enemies":"Gremlin Nob","floor":12,"turns":4},{"damage":3,"enemies":"Looter","floor":13,"turns":3},{"damage":10,"enemies":"Lagavulin","floor":14,"turns":7},{"damage":17,"enemies":"The Guardian","floor":16,"turns":13},{"damage":40,"enemies":"Chosen","floor":18,"turns":6},{"damage":12,"enemies":"Spheric Guardian","floor":20,"turns":4},{"damage":38,"enemies":"Centurion and Healer","floor":25,"turns":9},{"damage":5,"enemies":"Gremlin Leader","floor":27,"turns":6},{"damage":38,"enemies":"Book of Stabbing","floor":29,"turns":5},{"damage":14,"enemies":"Sentry and Sphere","floor":31,"turns":5},{"damage":80,"enemies":"Champ","floor":33,"turns":11}],"seed_played":"-8964414932798387389","potions_obtained":[{"floor":1,"key":"Dexterity Potion"},{"floor":6,"key":"Swift Potion"},{"floor":13,"key":"Fire Potion"},{"floor":14,"key":"Dexterity Potion"},{"floor":27,"key":"GamblersBrew"},{"floor":31,"key":"PowerPotion"}],"is_trial":false,"path_per_floor":["M","?","?","T","$","E","R","M","T","R","M","E","M","E","R","B",null,"M","$","M","?","$","R","T","M","T","E","R","E","?","M","R","B"],"character_chosen":"IRONCLAD","items_purchased":["HandOfGreed","Headbutt","Armaments","Regal Pillow","Red Skull","Seeing Red"],"campfire_rested":4,"item_purchase_floors":[5,5,5,19,19,19],"current_hp_per_floor":[61,54,43,43,43,32,32,37,37,59,65,42,45,41,41,30,64,30,30,24,24,24,61,61,29,36,37,76,44,44,36,75,0],"gold":154,"neow_bonus":"TWO_FIFTY_GOLD","is_prod":false,"is_daily":false,"chose_seed":false,"campfire_upgraded":2,"win_rate":0,"timestamp":1555832248,"path_taken":["M","?","?","?","$","E","R","M","T","R","M","E","M","E","R","BOSS","M","$","M","?","$","R","?","?","T","E","R","E","?","M","R","BOSS"],"build_version":"2019-04-20","purchased_purges":3,"victory":false,"max_hp_per_floor":[75,75,75,75,75,75,75,75,75,75,75,75,75,75,75,75,75,75,75,75,75,75,75,75,75,82,82,82,82,82,82,82,82],"card_choices":[{"not_picked":["Feel No Pain","Rupture"],"picked":"Carnage","floor":1},{"not_picked":["Wild Strike","Clash","Heavy Blade"],"picked":"SKIP","floor":6},{"not_picked":["Havoc","Clothesline","Twin Strike"],"picked":"SKIP","floor":8},{"not_picked":["Evolve","Cleave"],"picked":"Shockwave","floor":11},{"not_picked":["Armaments","Body Slam"],"picked":"True Grit","floor":12},{"not_picked":["Sentinel","Hemokinesis"],"picked":"Flame Barrier","floor":13},{"not_picked":["Body Slam","Thunderclap","True Grit"],"picked":"SKIP","floor":14},{"not_picked":["Feed","Dark Embrace"],"picked":"Immolate","floor":16},{"not_picked":["Armaments","Reckless Charge"],"picked":"Rage","floor":17},{"not_picked":["True Grit","Havoc"],"picked":"Anger","floor":17},{"not_picked":["Shrug It Off","Power Through"],"picked":"Intimidate+1","floor":18},{"not_picked":["Whirlwind","Hemokinesis"],"picked":"Flame Barrier","floor":20},{"not_picked":["Perfected Strike","Cleave","Sword Boomerang"],"picked":"SKIP","floor":25},{"not_picked":["Perfected Strike","Sever Soul"],"picked":"Inflame+1","floor":27},{"not_picked":["Twin Strike","Carnage","Dual Wield"],"picked":"SKIP","floor":29},{"not_picked":["Fiend Fire","Pommel Strike","Flex"],"picked":"SKIP","floor":31}],"player_experience":5754936,"relics_obtained":[{"floor":4,"key":"Boot"},{"floor":6,"key":"Ancient Tea Set"},{"floor":9,"key":"Oddly Smooth Stone"},{"floor":12,"key":"Tiny Chest"},{"floor":14,"key":"War Paint"},{"floor":24,"key":"Paper Frog"},{"floor":26,"key":"Strawberry"},{"floor":27,"key":"Mercury Hourglass"},{"floor":29,"key":"Juzu Bracelet"}],"event_choices":[{"cards_removed":["Shame"],"damage_healed":0,"gold_gain":0,"player_choice":"Card Removal","damage_taken":7,"max_hp_gain":0,"max_hp_loss":0,"event_name":"Golden Wing","floor":2,"gold_loss":0},{"damage_healed":0,"gold_gain":75,"player_choice":"Gather Gold","damage_taken":11,"max_hp_gain":0,"max_hp_loss":0,"event_name":"World of Goop","floor":3,"gold_loss":0},{"damage_healed":0,"gold_gain":0,"player_choice":"Ignored","damage_taken":0,"max_hp_gain":0,"max_hp_loss":0,"event_name":"Ghosts","floor":21,"gold_loss":0},{"damage_healed":0,"gold_gain":0,"player_choice":"Simplicity","damage_taken":0,"max_hp_gain":0,"max_hp_loss":0,"event_name":"Back to Basics","floor":30,"gold_loss":0,"cards_upgraded":["Strike_R","Strike_R","Defend_R","Defend_R","Defend_R"]}],"is_beta":true,"boss_relics":[{"not_picked":["Calling Bell","Lizard Tail"],"picked":"Orrery"}],"items_purged_floors":[5,19,22],"is_endless":false,"potions_floor_spawned":[1,6,13,14,27,31],"killed_by":"Champ","ascension_level":20}