{"gold_per_floor":[111,111,111,121,42,42,61,61,108,140,151,179,190,190,190,268,268,280,280,205,21,36,36,71,71,96,129,129,129,4,20,20,92,92,104,404,96,110,127,127,153,153,176,191,209,209,209,237,237,237,237,237,237,58,91,91],"floor_reached":57,"playtime":5415,"items_purged":["Strike_R","Strike_R","Strike_R","Perfected Strike+1"],"score":2787,"play_id":"24424dc2-26b4-4714-a267-2f74972774e8","local_time":"20190412002717","is_ascension_mode":true,"campfire_choices":[{"data":"Immolate","floor":6,"key":"SMITH"},{"data":"Perfected Strike","floor":8,"key":"SMITH"},{"data":"Burning Pact","floor":15,"key":"SMITH"},{"data":"Rage","floor":23,"key":"SMITH"},{"data":"Disarm","floor":25,"key":"SMITH"},{"floor":28,"key":"REST"},{"floor":32,"key":"REST"},{"floor":40,"key":"RECALL"},{"floor":42,"key":"REST"},{"floor":47,"key":"REST"},{"floor":49,"key":"REST"},{"floor":53,"key":"REST"}],"neow_cost":"NONE","seed_source_timestamp":118694759009301,"circlet_count":0,"master_deck":["AscendersBane","Strike_R+1","Defend_R+1","Defend_R+1","Defend_R","Defend_R","Bash","Shrug It Off","Immolate+1","Twin Strike","Pommel Strike","Feel No Pain","Burning Pact+1","Reaper","Rage+1","RitualDagger","Disarm+1","Shockwave+1","Impervious","Anger","Flex","Feed","Corruption+1","Disarm","Shrug It Off+1","Headbutt+1","Madness+1","Madness","Rampage","Burning Pact+1","Armaments+1","Body Slam","Juggernaut","Armaments","Thunderclap"],"relics":["Burning Blood","Kunai","Strawberry","Ice Cream","Sundial","Runic Pyramid","Ginger","Lantern","Fusion Hammer","Vajra","Ornamental Fan","Dream Catcher","War Paint","Bag of Preparation"],"potions_floor_usage":[10,22,27,55,56],"damage_taken":[{"damage":8,"enemies":"2 Louse","floor":1,"turns":3},{"damage":4,"enemies":"Jaw Worm","floor":4,"turns":3},{"damage":1,"enemies":"Cultist","floor":7,"turns":3},{"damage":2,"enemies":"Gremlin Nob","floor":10,"turns":3},{"damage":7,"enemies":"Exordium Wildlife","floor":11,"turns":3},{"damage":24,"enemies":"Lagavulin","floor":12,"turns":6},{"damage":6,"enemies":"Red Slaver","floor":13,"turns":2},{"damage":0,"enemies":"The Guardian","floor":16,"turns":15},{"damage":12,"enemies":"Shell Parasite","floor":18,"turns":13},{"damage":11,"enemies":"2 Thieves","floor":22,"turns":5},{"damage":11,"enemies":"Gremlin Leader","floor":24,"turns":9},{"damage":77,"enemies":"Book of Stabbing","floor":27,"turns":4},{"damage":14,"enemies":"Snake Plant","floor":31,"turns":5},{"damage":58,"enemies":"Automaton","floor":33,"turns":14},{"damage":5,"enemies":"3 Darklings","floor":35,"turns":4},{"damage":0,"enemies":"3 Shapes","floor":38,"turns":5},{"damage":0,"enemies":"Maw","floor":39,"turns":6},{"damage":11,"enemies":"Giant Head","floor":41,"turns":6},{"damage":21,"enemies":"4 Shapes","floor":44,"turns":4},{"damage":9,"enemies":"Spire Growth","floor":45,"turns":4},{"damage":15,"enemies":"Nemesis","floor":48,"turns":7},{"damage":87,"enemies":"Donu and Deca","floor":50,"turns":10},{"damage":19,"enemies":"Awakened One","floor":51,"turns":20},{"damage":48,"enemies":"Shield and Spear","floor":55,"turns":8},{"damage":83,"enemies":"The Heart","floor":56,"turns":9}],"seed_played":"-1609731379363969084","potions_obtained":[{"floor":7,"key":"Fire Potion"},{"floor":12,"key":"Fire Potion"},{"floor":13,"key":"SteroidPotion"},{"floor":27,"key":"Explosive Potion"},{"floor":33,"key":"PowerPotion"},{"floor":39,"key":"Swift Potion"}],"is_trial":false,"path_per_floor":["M","?","?","M","$","R","M","R","T","E","M","E","M","?","R","B",null,"M","?","$","$","M","R","E","R","T","E","R","?","$","M","R","B",null,"M","?","$","M","M","R","E","R","T","M","M","?","R","E","R","B","B",null,"R","$","E","B",null],"character_chosen":"IRONCLAD","items_purchased":["Immolate","Disarm","Vajra","Juggernaut","Armaments"],"campfire_rested":6,"item_purchase_floors":[5,21,37,54,54],"current_hp_per_floor":[73,47,22,24,24,24,29,29,36,40,39,21,21,21,21,27,74,72,66,66,66,67,67,68,68,68,10,36,36,36,34,60,18,71,87,87,87,95,98,98,96,101,101,96,103,84,107,101,110,44,56,102,117,117,82,7],"gold":91,"neow_bonus":"TEN_PERCENT_HP_BONUS","is_prod":false,"is_daily":false,"chose_seed":false,"campfire_upgraded":5,"win_rate":0,"timestamp":1555054037,"path_taken":["M","?","?","M","?","R","M","R","T","E","M","E","?","?","R","BOSS","M","?","?","$","?","R","E","R","T","E","R","?","$","M","R","BOSS","M","?","$","?","M","R","E","R","T","M","M","?","R","E","R","BOSS","BOSS","R","$","E","BOSS"],"build_version":"2019-04-04","purchased_purges":4,"victory":true,"max_hp_per_floor":[82,82,82,82,82,82,82,82,89,89,89,89,89,89,89,89,89,89,89,89,89,89,89,89,89,89,89,89,89,89,89,89,89,89,92,92,92,95,98,98,101,101,101,104,107,107,107,110,110,113,117,117,117,117,117,117],"card_choices":[{"not_picked":["Havoc","Searing Blow"],"picked":"Shrug It Off","floor":1},{"not_picked":["Cleave","Entrench"],"picked":"Perfected Strike","floor":4},{"not_picked":["Berserk","Combust"],"picked":"Twin Strike","floor":7},{"not_picked":["Inflame","Heavy Blade"],"picked":"Pommel Strike","floor":10},{"not_picked":["Cleave","Rupture"],"picked":"Feel No Pain","floor":11},{"not_picked":["Wild Strike","Twin Strike","Limit Break"],"picked":"SKIP","floor":12},{"not_picked":["Clothesline","Flex"],"picked":"Burning Pact","floor":13},{"not_picked":["Immolate","Double Tap"],"picked":"Reaper","floor":16},{"not_picked":["Thunderclap+1","Shrug It Off"],"picked":"Rage","floor":18},{"not_picked":["Sword Boomerang","Wild Strike+1"],"picked":"Shockwave+1","floor":22},{"not_picked":["Hemokinesis","Cleave","Heavy Blade"],"picked":"SKIP","floor":24},{"not_picked":["Body Slam","Pommel Strike+1"],"picked":"Impervious","floor":27},{"not_picked":["Body Slam","Sword Boomerang"],"picked":"Flex","floor":31},{"not_picked":["Juggernaut","Brutality"],"picked":"Feed","floor":33},{"not_picked":["Dropkick","Anger","Carnage"],"picked":"SKIP","floor":35},{"not_picked":["Combust","Heavy Blade","Flex"],"picked":"SKIP","floor":38},{"not_picked":["Armaments","Rage+1"],"picked":"Corruption+1","floor":39},{"not_picked":["Sword Boomerang+1","Dropkick"],"picked":"Disarm","floor":41},{"not_picked":["Entrench+1","Pummel"],"picked":"Shrug It Off+1","floor":44},{"not_picked":["Wild Strike","Clash"],"picked":"Headbutt+1","floor":45},{"not_picked":["Dual Wield","Hemokinesis"],"picked":"Rampage","floor":47},{"not_picked":["Brutality","Perfected Strike"],"picked":"Burning Pact+1","floor":48},{"not_picked":["Seeing Red","Havoc"],"picked":"Armaments+1","floor":49},{"not_picked":["Shrug It Off","Twin Strike+1"],"picked":"Body Slam","floor":53},{"not_picked":["Rage","Heavy Blade"],"picked":"Thunderclap","floor":55}],"player_experience":5544023,"relics_obtained":[{"floor":9,"key":"Strawberry"},{"floor":10,"key":"Ice Cream"},{"floor":12,"key":"Sundial"},{"floor":24,"key":"Ginger"},{"floor":27,"key":"Lantern"},{"floor":41,"key":"Ornamental Fan"},{"floor":43,"key":"Dream Catcher"},{"floor":48,"key":"War Paint"},{"floor":55,"key":"Bag of Preparation"}],"event_choices":[{"damage_healed":0,"gold_gain":0,"player_choice":"Success","damage_taken":26,"relics_obtained":["Kunai"],"max_hp_gain":0,"max_hp_loss":0,"event_name":"Scrap Ooze","floor":2,"gold_loss":0},{"damage_healed":0,"gold_gain":0,"player_choice":"Entered Light","damage_taken":25,"max_hp_gain":0,"max_hp_loss":0,"event_name":"Shining Light","floor":3,"gold_loss":0,"cards_upgraded":["Strike_R","Defend_R"]},{"cards_removed":["Strike_R"],"damage_healed":0,"gold_gain":0,"player_choice":"Purged","damage_taken":0,"max_hp_gain":0,"max_hp_loss":0,"event_name":"Purifier","floor":14,"gold_loss":0},{"damage_healed":0,"gold_gain":0,"player_choice":"Joined the Cult","damage_taken":6,"max_hp_gain":0,"max_hp_loss":0,"event_name":"Nest","floor":19,"gold_loss":0,"cards_obtained":["RitualDagger"]},{"damage_healed":0,"gold_gain":0,"player_choice":"Read","damage_taken":0,"max_hp_gain":0,"max_hp_loss":0,"event_name":"The Library","floor":29,"gold_loss":0,"cards_obtained":["Anger"]},{"damage_healed":0,"gold_gain":300,"player_choice":"Gold","damage_taken":0,"max_hp_gain":0,"max_hp_loss":0,"event_name":"Wheel of Change","floor":36,"gold_loss":0},{"damage_healed":0,"gold_gain":0,"player_choice":"Embrace Madness","damage_taken":19,"max_hp_gain":0,"max_hp_loss":0,"event_name":"Winding Halls","floor":46,"gold_loss":0,"cards_obtained":["Madness","Madness"]}],"is_beta":true,"boss_relics":[{"not_picked":["White Beast Statue","Ectoplasm"],"picked":"Runic Pyramid"},{"not_picked":["Philosopher\u0027s Stone","Snecko Eye"],"picked":"Fusion Hammer"}],"items_purged_floors":[20,21,30,37],"is_endless":false,"potions_floor_spawned":[7,12,13,27,33,39,41],"ascension_level":20}