{"gold_per_floor":[110,123,123,135,4,4,29,29,29,40,72,95,121,171,171,247,247,258,0,0,0,20,20,45,45,45,86,118,156,2,2,2,73,73,87,87,87,141,153,153,184,284,284,284,284,284,114,142,142,142,142,142,142,12,44,44],"floor_reached":57,"playtime":3061,"items_purged":["Strike_R","Strike_R","Strike_R"],"score":3031,"play_id":"53b9c6cd-b004-4b1f-bf23-2105368fbcd2","local_time":"20190419003540","is_ascension_mode":true,"campfire_choices":[{"data":"Bash","floor":6,"key":"SMITH"},{"data":"Uppercut","floor":8,"key":"SMITH"},{"data":"Flame Barrier","floor":15,"key":"SMITH"},{"data":"Battle Trance","floor":23,"key":"SMITH"},{"floor":25,"key":"REST"},{"data":"Limit Break","floor":32,"key":"SMITH"},{"data":"Feel No Pain","floor":40,"key":"SMITH"},{"floor":44,"key":"RECALL"},{"data":"Inflame","floor":49,"key":"SMITH"},{"data":"Feel No Pain","floor":53,"key":"SMITH"}],"neow_cost":"NONE","seed_source_timestamp":346436454203486,"circlet_count":0,"master_deck":["AscendersBane","Defend_R+1","Defend_R+1","Defend_R+1","Defend_R+1","Bash+1","Anger","Flame Barrier+1","Uppercut+1","Anger+1","Hemokinesis+1","Battle Trance+1","Shrug It Off","Impervious","Necronomicurse","Feel No Pain+1","Shrug It Off+1","Offering","Uppercut+1","Limit Break+1","Feel No Pain+1","Feed+1","Shrug It Off","Flash of Steel+1","Body Slam+1","Corruption","Inflame+1","Sword Boomerang+1","Parasite","Heavy Blade+1","Metallicize","Limit Break"],"relics":["Burning Blood","Bronze Scales","Matryoshka","The Courier","Molten Egg 2","Boot","Odd Mushroom","Ornamental Fan","Sozu","OrangePellets","Necronomicon","Mummified Hand","Red Skull","MawBank","Juzu Bracelet","Anchor","Cursed Key","Du-Vu Doll","Kunai","Bird Faced Urn","Bag of Preparation","Magic Flower","StoneCalendar"],"potions_floor_usage":[7,13,56,56],"damage_taken":[{"damage":9,"enemies":"2 Louse","floor":1,"turns":3},{"damage":4,"enemies":"Small Slimes","floor":2,"turns":4},{"damage":0,"enemies":"Cultist","floor":4,"turns":3},{"damage":18,"enemies":"Lagavulin","floor":7,"turns":5},{"damage":9,"enemies":"Exordium Wildlife","floor":10,"turns":4},{"damage":13,"enemies":"Gremlin Nob","floor":11,"turns":4},{"damage":10,"enemies":"The Mushroom Lair","floor":12,"turns":3},{"damage":8,"enemies":"Lagavulin","floor":13,"turns":4},{"damage":4,"enemies":"Hexaghost","floor":16,"turns":7},{"damage":2,"enemies":"Shell Parasite","floor":18,"turns":4},{"damage":9,"enemies":"2 Thieves","floor":22,"turns":4},{"damage":16,"enemies":"Book of Stabbing","floor":24,"turns":4},{"damage":27,"enemies":"Slavers","floor":27,"turns":6},{"damage":2,"enemies":"Centurion and Healer","floor":28,"turns":3},{"damage":8,"enemies":"Book of Stabbing","floor":29,"turns":3},{"damage":6,"enemies":"Champ","floor":33,"turns":10},{"damage":10,"enemies":"3 Darklings","floor":35,"turns":10},{"damage":12,"enemies":"2 Orb Walkers","floor":38,"turns":5},{"damage":0,"enemies":"Orb Walker","floor":39,"turns":1},{"damage":19,"enemies":"Reptomancer","floor":41,"turns":5},{"damage":0,"enemies":"Mind Bloom Boss Battle","floor":42,"turns":6},{"damage":8,"enemies":"Nemesis","floor":48,"turns":3},{"damage":10,"enemies":"Donu and Deca","floor":50,"turns":7},{"damage":11,"enemies":"Time Eater","floor":51,"turns":7},{"damage":23,"enemies":"Shield and Spear","floor":55,"turns":4},{"damage":28,"enemies":"The Heart","floor":56,"turns":7}],"seed_played":"-3319197660589910536","potions_obtained":[{"floor":7,"key":"Energy Potion"},{"floor":11,"key":"Swift Potion"},{"floor":12,"key":"Dexterity Potion"},{"floor":16,"key":"Poison Potion"}],"is_trial":false,"path_per_floor":["M","M","?","M","$","R","E","R","T","M","E","?","E","?","R","B",null,"M","$","?","?","M","R","E","R","T","E","M","E","$","?","R","B",null,"M","?","?","?","M","R","E","?","T","R","?","?","$","E","R","B","B",null,"R","$","E","B",null],"character_chosen":"IRONCLAD","items_purchased":["Fire Potion","OrangePellets","Feel No Pain","Bag of Preparation","Heavy Blade+1","Limit Break"],"campfire_rested":1,"item_purchase_floors":[5,19,30,47,47,54],"current_hp_per_floor":[65,67,60,66,66,66,54,54,54,51,44,40,38,31,31,33,65,69,69,69,48,45,45,35,57,57,36,40,38,38,38,38,38,66,62,52,52,50,56,56,43,53,53,53,53,53,53,59,59,73,83,83,83,83,81,72],"gold":44,"neow_bonus":"RANDOM_COMMON_RELIC","is_prod":false,"is_daily":false,"chose_seed":false,"campfire_upgraded":8,"win_rate":0,"timestamp":1555659340,"path_taken":["M","M","?","M","$","R","E","R","T","M","E","?","E","?","R","BOSS","M","$","?","?","M","R","E","R","T","E","M","E","?","?","R","BOSS","M","?","?","?","M","R","E","?","T","R","?","?","$","E","R","BOSS","BOSS","R","$","E","BOSS"],"build_version":"2019-04-04","purchased_purges":3,"victory":true,"max_hp_per_floor":[75,75,75,75,75,75,75,75,75,75,75,75,75,75,75,75,75,75,75,75,75,75,75,75,75,75,75,75,75,75,75,75,75,75,75,75,75,79,79,79,79,83,83,83,83,79,79,79,79,79,83,83,83,83,83,83],"card_choices":[{"not_picked":["Twin Strike","Shrug It Off"],"picked":"Anger","floor":1},{"not_picked":["Armaments","Shrug It Off"],"picked":"Flame Barrier","floor":2},{"not_picked":["Anger","Rupture"],"picked":"Twin Strike","floor":4},{"not_picked":["Headbutt","Warcry"],"picked":"Uppercut","floor":7},{"not_picked":["Ghostly Armor","Exhume"],"picked":"Anger+1","floor":10},{"not_picked":["Flex","Exhume"],"picked":"Hemokinesis+1","floor":11},{"not_picked":["Headbutt+1","Metallicize"],"picked":"Battle Trance","floor":12},{"not_picked":["Heavy Blade+1","Body Slam+1"],"picked":"Shrug It Off","floor":13},{"not_picked":["Exhume","Barricade"],"picked":"Impervious","floor":16},{"not_picked":["Armaments","Anger+1","Perfected Strike+1"],"picked":"SKIP","floor":18},{"not_picked":["Seeing Red","Warcry"],"picked":"Feel No Pain","floor":22},{"not_picked":["Flex","Blood for Blood+1"],"picked":"Shrug It Off+1","floor":24},{"not_picked":["Headbutt+1","Wild Strike+1"],"picked":"Offering","floor":27},{"not_picked":["Iron Wave+1","Perfected Strike+1"],"picked":"Uppercut+1","floor":28},{"not_picked":["Rupture","Havoc"],"picked":"Limit Break","floor":29},{"not_picked":["Immolate+1","Demon Form"],"picked":"Feed+1","floor":33},{"not_picked":["Twin Strike+1","Flex+1"],"picked":"Shrug It Off","floor":35},{"not_picked":["Purity","Blind"],"picked":"Flash of Steel+1","floor":36},{"not_picked":["Rage","Perfected Strike+1"],"picked":"Corruption","floor":39},{"not_picked":["Power Through","Sword Boomerang+1"],"picked":"Inflame","floor":41},{"not_picked":["Flex","Body Slam+1"],"picked":"Sword Boomerang+1","floor":42},{"not_picked":["Thunderclap+1","Iron Wave+1"],"picked":"Metallicize","floor":48},{"not_picked":["Rupture","Entrench","Flex"],"picked":"SKIP","floor":55}],"player_experience":5707067,"relics_obtained":[{"floor":7,"key":"Matryoshka"},{"floor":9,"key":"The Courier"},{"floor":9,"key":"Molten Egg 2"},{"floor":11,"key":"Boot"},{"floor":12,"key":"Odd Mushroom"},{"floor":13,"key":"Ornamental Fan"},{"floor":21,"key":"Necronomicon"},{"floor":24,"key":"Mummified Hand"},{"floor":26,"key":"Red Skull"},{"floor":26,"key":"MawBank"},{"floor":27,"key":"Juzu Bracelet"},{"floor":29,"key":"Anchor"},{"floor":38,"key":"Du-Vu Doll"},{"floor":41,"key":"Kunai"},{"floor":42,"key":"Bird Faced Urn"},{"floor":48,"key":"Magic Flower"},{"floor":55,"key":"StoneCalendar"}],"event_choices":[{"cards_removed":["Strike_R"],"damage_healed":0,"gold_gain":0,"player_choice":"Card Removal","damage_taken":7,"max_hp_gain":0,"max_hp_loss":0,"event_name":"Golden Wing","floor":3,"gold_loss":0},{"damage_healed":0,"gold_gain":0,"player_choice":"Fought Mushrooms","damage_taken":0,"max_hp_gain":0,"max_hp_loss":0,"event_name":"Mushrooms","floor":12,"gold_loss":0},{"damage_healed":0,"gold_gain":50,"player_choice":"Touch","damage_taken":7,"max_hp_gain":0,"max_hp_loss":0,"event_name":"FaceTrader","floor":14,"gold_loss":0},{"damage_healed":0,"gold_gain":0,"player_choice":"Ignored","damage_taken":0,"max_hp_gain":0,"max_hp_loss":0,"event_name":"Ghosts","floor":20,"gold_loss":0},{"damage_healed":0,"gold_gain":0,"player_choice":"Obtained Book","damage_taken":21,"max_hp_gain":0,"max_hp_loss":0,"event_name":"Cursed Tome","floor":21,"gold_loss":0},{"damage_healed":0,"gold_gain":0,"player_choice":"Simplicity","damage_taken":0,"max_hp_gain":0,"max_hp_loss":0,"event_name":"Back to Basics","floor":31,"gold_loss":0,"cards_upgraded":["Strike_R","Defend_R","Defend_R","Defend_R","Defend_R"]},{"damage_healed":0,"gold_gain":0,"player_choice":"Memory 3","damage_taken":10,"max_hp_gain":0,"max_hp_loss":0,"event_name":"SensoryStone","floor":36,"gold_loss":0},{"damage_healed":0,"gold_gain":0,"cards_transformed":["Strike_R"],"player_choice":"Transformed","damage_taken":0,"max_hp_gain":0,"max_hp_loss":0,"event_name":"Transmorgrifier","floor":37,"gold_loss":0,"cards_obtained":["Body Slam"]},{"damage_healed":0,"gold_gain":0,"player_choice":"Fight","damage_taken":0,"max_hp_gain":0,"max_hp_loss":0,"event_name":"Mysterious Sphere","floor":38,"gold_loss":0},{"damage_healed":0,"gold_gain":0,"player_choice":"Fight","damage_taken":0,"max_hp_gain":0,"max_hp_loss":0,"event_name":"MindBloom","floor":42,"gold_loss":0},{"cards_removed":["Twin Strike"],"damage_healed":0,"gold_gain":0,"player_choice":"Removed Attack","damage_taken":0,"max_hp_gain":0,"max_hp_loss":0,"event_name":"Falling","floor":45,"gold_loss":0},{"damage_healed":0,"gold_gain":0,"player_choice":"Max HP","damage_taken":0,"max_hp_gain":0,"max_hp_loss":4,"event_name":"Winding Halls","floor":46,"gold_loss":0}],"is_beta":true,"boss_relics":[{"not_picked":["Orrery","Eternal Feather"],"picked":"Sozu"},{"not_picked":["Busted Crown","Lizard Tail"],"picked":"Cursed Key"}],"items_purged_floors":[5,19,30],"is_endless":false,"potions_floor_spawned":[7,11,12,16,22,28,33,41,42],"ascension_level":20}