{"gold_per_floor":[113,113,30,105,116,116,145,145,145,171,171,171,171],"floor_reached":13,"playtime":416,"items_purged":[],"score":158,"play_id":"97077b05-9cb4-4f04-b612-cb66787df77d","local_time":"20190414182716","is_ascension_mode":true,"campfire_choices":[{"floor":6,"key":"REST"},{"floor":8,"key":"REST"},{"floor":12,"key":"REST"}],"neow_cost":"NONE","seed_source_timestamp":361349024493082,"circlet_count":0,"master_deck":["AscendersBane","Defend_G","Defend_G","Defend_G","Defend_G","Defend_G","Strike_G","Strike_G","Strike_G","Strike_G","Strike_G","Survivor","Neutralize","Slice","Poisoned Stab","Adrenaline"],"relics":["Ring of the Snake","Juzu Bracelet","Happy Flower","Oddly Smooth Stone","Gremlin Horn","Bag of Marbles"],"potions_floor_usage":[7,7,13],"damage_taken":[{"damage":7,"enemies":"Small Slimes","floor":1,"turns":4},{"damage":1,"enemies":"2 Louse","floor":5,"turns":3},{"damage":37,"enemies":"3 Sentries","floor":7,"turns":13},{"damage":56,"enemies":"Lagavulin","floor":13,"turns":9}],"seed_played":"6084578326211028403","potions_obtained":[{"floor":1,"key":"SteroidPotion"},{"floor":7,"key":"EssenceOfSteel"}],"is_trial":false,"path_per_floor":["M","?","$","?","M","R","E","R","T","T","?","R","E"],"character_chosen":"THE_SILENT","items_purchased":["GhostInAJar"],"campfire_rested":3,"item_purchase_floors":[3],"current_hp_per_floor":[52,34,34,23,22,41,4,23,23,23,23,42,0],"gold":171,"neow_bonus":"RANDOM_COMMON_RELIC","is_prod":false,"is_daily":false,"chose_seed":false,"campfire_upgraded":0,"win_rate":0,"timestamp":1555291636,"path_taken":["M","?","$","?","M","R","E","R","T","?","?","R","E"],"build_version":"2019-04-04","purchased_purges":0,"victory":false,"max_hp_per_floor":[66,66,66,66,66,66,66,66,66,66,66,66,66],"card_choices":[{"not_picked":["Catalyst","Outmaneuver"],"picked":"Slice","floor":1},{"not_picked":["Flying Knee","Dagger Throw"],"picked":"Poisoned Stab","floor":5},{"not_picked":["Bane","Backstab"],"picked":"Adrenaline","floor":7}],"player_experience":5607778,"relics_obtained":[{"floor":7,"key":"Oddly Smooth Stone"},{"floor":9,"key":"Gremlin Horn"},{"floor":10,"key":"Bag of Marbles"}],"event_choices":[{"damage_healed":0,"gold_gain":0,"player_choice":"Success","damage_taken":18,"relics_obtained":["Happy Flower"],"max_hp_gain":0,"max_hp_loss":0,"event_name":"Scrap Ooze","floor":2,"gold_loss":0},{"damage_healed":0,"gold_gain":75,"player_choice":"Gather Gold","damage_taken":11,"max_hp_gain":0,"max_hp_loss":0,"event_name":"World of Goop","floor":4,"gold_loss":0},{"damage_healed":0,"gold_gain":0,"player_choice":"Ignored","damage_taken":0,"max_hp_gain":0,"max_hp_loss":0,"event_name":"Golden Wing","floor":11,"gold_loss":0}],"is_beta":true,"boss_relics":[],"items_purged_floors":[],"is_endless":false,"potions_floor_spawned":[1,7],"killed_by":"Lagavulin","ascension_level":20}