{"gold_per_floor":[110,185,185,185,200,200,234,234,313,352,352,352,390,405,405,501,501,485,375,390,390,29,29,64,64,64,64,64,87,33,51,51,142,142,156,281,614,258,275,306,306,335,381,381,395,424,424,424,424,424,424,424,424,4,33,33],"floor_reached":57,"playtime":5034,"items_purged":["Defend_B","Zap"],"score":2944,"play_id":"131ddedc-be51-4536-be8b-b0ea753fc50f","local_time":"20190412132808","is_ascension_mode":true,"campfire_choices":[{"floor":6,"key":"REST"},{"floor":12,"key":"REST"},{"data":"Reinforced Body","floor":15,"key":"SMITH"},{"data":"Sunder","floor":23,"key":"SMITH"},{"data":"Consume","floor":25,"key":"SMITH"},{"data":"Doom and Gloom","floor":28,"key":"SMITH"},{"floor":32,"key":"REST"},{"floor":41,"key":"REST"},{"data":"Seek","floor":44,"key":"SMITH"},{"floor":47,"key":"RECALL"},{"data":"Rainbow","floor":49,"key":"SMITH"},{"floor":53,"key":"REST"}],"neow_cost":"NONE","seed_source_timestamp":165907358898615,"circlet_count":0,"master_deck":["AscendersBane","Defend_B","Defend_B","Defend_B","Dualcast","Conserve Battery+1","Ball Lightning","Doom and Gloom+1","Recycle+1","Reinforced Body+1","Compile Driver","Buffer+1","Capacitor+1","Sunder+1","Consume+1","Genetic Algorithm","Seek+1","Echo Form+1","Turbo+1","Glacier+1","Static Discharge+1","Barrage+1","Rainbow+1","Echo Form+1","Cold Snap+1","Reinforced Body+1","Go for the Eyes+1"],"relics":["Cracked Core","NeowsBlessing","Strawberry","Blue Candle","Frozen Egg 2","Pocketwatch","Sundial","Velvet Choker","FossilizedHelix","Unceasing Top","Bronze Scales","StoneCalendar","Astrolabe","Mango","Cables","Regal Pillow","Mummified Hand","Bag of Preparation","Bottled Tornado","Symbiotic Virus"],"potions_floor_usage":[10,16,21,33,42,50,56,56],"damage_taken":[{"damage":0,"enemies":"Jaw Worm","floor":1,"turns":1},{"damage":0,"enemies":"2 Louse","floor":5,"turns":1},{"damage":0,"enemies":"3 Sentries","floor":7,"turns":1},{"damage":26,"enemies":"Gremlin Nob","floor":10,"turns":4},{"damage":5,"enemies":"3 Sentries","floor":13,"turns":6},{"damage":0,"enemies":"Small Slimes","floor":14,"turns":4},{"damage":10,"enemies":"The Guardian","floor":16,"turns":9},{"damage":12,"enemies":"2 Thieves","floor":18,"turns":4},{"damage":0,"enemies":"Chosen","floor":20,"turns":5},{"damage":0,"enemies":"Snake Plant","floor":21,"turns":1},{"damage":14,"enemies":"Gremlin Leader","floor":24,"turns":8},{"damage":0,"enemies":"Centurion and Healer","floor":29,"turns":6},{"damage":0,"enemies":"Snecko","floor":31,"turns":4},{"damage":16,"enemies":"Collector","floor":33,"turns":8},{"damage":0,"enemies":"3 Shapes","floor":35,"turns":7},{"damage":0,"enemies":"Mind Bloom Boss Battle","floor":36,"turns":8},{"damage":0,"enemies":"Orb Walker","floor":39,"turns":3},{"damage":51,"enemies":"Reptomancer","floor":40,"turns":7},{"damage":17,"enemies":"Nemesis","floor":42,"turns":7},{"damage":13,"enemies":"Jaw Worm Horde","floor":45,"turns":5},{"damage":0,"enemies":"Giant Head","floor":46,"turns":15},{"damage":3,"enemies":"Donu and Deca","floor":50,"turns":11},{"damage":0,"enemies":"Awakened One","floor":51,"turns":17},{"damage":8,"enemies":"Shield and Spear","floor":55,"turns":9},{"damage":15,"enemies":"The Heart","floor":56,"turns":10}],"seed_played":"-9215322656076754956","potions_obtained":[{"floor":1,"key":"Strength Potion"},{"floor":5,"key":"SteroidPotion"},{"floor":14,"key":"LiquidBronze"},{"floor":16,"key":"SmokeBomb"},{"floor":24,"key":"FocusPotion"},{"floor":33,"key":"Strength Potion"},{"floor":35,"key":"Energy Potion"},{"floor":36,"key":"FearPotion"},{"floor":46,"key":"Regen Potion"}],"is_trial":false,"path_per_floor":["M","?","?","?","M","R","E","?","T","E","?","R","E","M","R","B",null,"M","?","M","M","$","R","E","R","T","?","R","M","$","M","R","B",null,"M","?","?","$","M","E","R","E","T","R","M","E","R","?","R","B","B",null,"R","$","E","B",null],"character_chosen":"DEFECT","items_purchased":["FossilizedHelix","Sunder","Block Potion","Cables","Bottled Tornado","Swift Potion"],"campfire_rested":5,"item_purchase_floors":[22,22,30,38,54,54],"current_hp_per_floor":[64,53,29,8,8,29,36,36,36,10,10,33,28,28,28,18,63,51,51,51,51,51,51,37,37,37,37,37,37,37,37,60,44,70,70,84,84,84,84,33,75,58,58,58,45,45,45,45,45,57,57,83,92,92,84,69],"gold":33,"neow_bonus":"THREE_ENEMY_KILL","is_prod":false,"is_daily":false,"chose_seed":false,"campfire_upgraded":6,"win_rate":0,"timestamp":1555100888,"path_taken":["M","?","?","?","?","R","E","?","T","E","?","R","E","M","R","BOSS","M","?","M","?","$","R","E","R","T","?","R","?","?","M","R","BOSS","M","?","?","$","M","E","R","E","T","R","M","E","R","?","R","BOSS","BOSS","R","$","E","BOSS"],"build_version":"2019-04-04","purchased_purges":2,"victory":true,"max_hp_per_floor":[71,71,71,71,71,71,78,78,78,78,78,78,78,78,78,78,78,78,78,78,78,78,78,78,78,78,78,78,78,78,78,78,78,78,78,92,92,92,92,92,92,92,92,92,92,92,92,92,92,92,92,92,92,92,92,92],"card_choices":[{"not_picked":["Blizzard","Force Field"],"picked":"Conserve Battery","floor":1},{"not_picked":["Compile Driver","Capacitor"],"picked":"Ball Lightning","floor":5},{"not_picked":["Reprogram","Barrage"],"picked":"Doom and Gloom","floor":7},{"not_picked":["FTL","Sweeping Beam"],"picked":"Recycle","floor":10},{"not_picked":["Sweeping Beam","Recycle"],"picked":"Reinforced Body","floor":13},{"not_picked":["Hello World+1","Reprogram"],"picked":"Compile Driver","floor":14},{"not_picked":["Seek","Creative AI+1"],"picked":"Buffer+1","floor":16},{"not_picked":["Lockon+1","Conserve Battery"],"picked":"Capacitor+1","floor":18},{"not_picked":["Rebound","Skim","Ball Lightning"],"picked":"SKIP","floor":20},{"not_picked":["Streamline","Redo"],"picked":"Consume","floor":24},{"not_picked":["Leap","Scrape"],"picked":"Genetic Algorithm","floor":29},{"not_picked":["Leap","Ball Lightning"],"picked":"Seek","floor":31},{"not_picked":["Buffer+1","Multi-Cast"],"picked":"Echo Form+1","floor":33},{"not_picked":["Rebound+1","Sweeping Beam","Aggregate"],"picked":"SKIP","floor":35},{"not_picked":["Streamline","Redo"],"picked":"Barrage+1","floor":36},{"not_picked":["Hologram","Streamline"],"picked":"Rainbow","floor":39},{"not_picked":["Fusion+1","Double Energy","Recycle"],"picked":"SKIP","floor":40},{"not_picked":["Stack","Ball Lightning"],"picked":"Echo Form+1","floor":42},{"not_picked":["Scrape","Sweeping Beam"],"picked":"Cold Snap+1","floor":45},{"not_picked":["Scrape","Chill"],"picked":"Reinforced Body+1","floor":46},{"not_picked":["BootSequence","Melter"],"picked":"Go for the Eyes+1","floor":55}],"player_experience":5552887,"relics_obtained":[{"floor":7,"key":"Strawberry"},{"floor":9,"key":"Frozen Egg 2"},{"floor":10,"key":"Pocketwatch"},{"floor":13,"key":"Sundial"},{"floor":24,"key":"Unceasing Top"},{"floor":26,"key":"Bronze Scales"},{"floor":36,"key":"Mango"},{"floor":40,"key":"Regal Pillow"},{"floor":42,"key":"Mummified Hand"},{"floor":46,"key":"Bag of Preparation"},{"floor":55,"key":"Symbiotic Virus"}],"event_choices":[{"damage_healed":0,"gold_gain":75,"player_choice":"Gather Gold","damage_taken":11,"max_hp_gain":0,"max_hp_loss":0,"event_name":"World of Goop","floor":2,"gold_loss":0},{"damage_healed":0,"gold_gain":0,"player_choice":"Take Damage","damage_taken":24,"relics_obtained":["Golden Idol"],"max_hp_gain":0,"max_hp_loss":0,"event_name":"Golden Idol","floor":3,"gold_loss":0},{"damage_healed":0,"gold_gain":0,"player_choice":"Entered Light","damage_taken":21,"max_hp_gain":0,"max_hp_loss":0,"event_name":"Shining Light","floor":4,"gold_loss":0,"cards_upgraded":["Strike_B","Conserve Battery"]},{"damage_healed":0,"gold_gain":0,"player_choice":"Searched \u00272\u0027 times","damage_taken":0,"relics_obtained":["Blue Candle"],"max_hp_gain":0,"max_hp_loss":0,"event_name":"Dead Adventurer","floor":8,"gold_loss":0},{"damage_healed":0,"gold_gain":0,"player_choice":"Fled","damage_taken":0,"max_hp_gain":0,"max_hp_loss":0,"event_name":"Scrap Ooze","floor":11,"gold_loss":0},{"cards_removed":["Strike_B"],"damage_healed":0,"gold_gain":0,"player_choice":"Upgrade and Remove","damage_taken":0,"max_hp_gain":0,"max_hp_loss":0,"event_name":"Designer","floor":19,"gold_loss":110,"cards_upgraded":["Recycle"]},{"damage_healed":0,"gold_gain":0,"player_choice":"Gave Potion","damage_taken":0,"relics_obtained":["StoneCalendar"],"max_hp_gain":0,"max_hp_loss":0,"event_name":"WeMeetAgain","floor":27,"gold_loss":0},{"damage_healed":0,"gold_gain":0,"player_choice":"Fight","damage_taken":0,"max_hp_gain":0,"max_hp_loss":0,"event_name":"MindBloom","floor":36,"gold_loss":0},{"damage_healed":0,"gold_gain":333,"player_choice":"Gave Idol","damage_taken":0,"max_hp_gain":0,"max_hp_loss":0,"event_name":"The Moai Head","floor":37,"relics_lost":["Golden Idol"],"gold_loss":0},{"damage_healed":0,"gold_gain":0,"player_choice":"Memory 1","damage_taken":0,"max_hp_gain":0,"max_hp_loss":0,"event_name":"SensoryStone","floor":48,"gold_loss":0}],"is_beta":true,"boss_relics":[{"not_picked":["Runic Dome","Lizard Tail"],"picked":"Velvet Choker"},{"not_picked":["Philosopher\u0027s Stone","Nuclear Battery"],"picked":"Astrolabe"}],"items_purged_floors":[38,54],"is_endless":false,"potions_floor_spawned":[1,5,14,16,24,33,35,36,40,46],"ascension_level":20}