{"gold_per_floor":[219,219,238,251,251,251,272,272,272,286,313,18,18],"floor_reached":13,"playtime":526,"items_purged":[],"score":166,"play_id":"afd15604-c4c4-412c-b3cf-c59aa04d15cd","local_time":"20190418162227","is_ascension_mode":true,"campfire_choices":[{"data":"Crippling Poison","floor":6,"key":"SMITH"},{"data":"Caltrops","floor":8,"key":"SMITH"}],"neow_cost":"NONE","seed_source_timestamp":319398840786161,"circlet_count":0,"master_deck":["AscendersBane","Defend_G","Defend_G","Defend_G","Defend_G","Defend_G","Strike_G","Strike_G","Strike_G","Strike_G","Survivor","Neutralize","Crippling Poison+1","Poisoned Stab","Caltrops+1","Leg Sweep","Malaise","Dodge and Roll+1"],"relics":["Ring of the Snake","Odd Mushroom","Bottled Lightning","Blood Vial","Toxic Egg 2"],"potions_floor_usage":[13,13],"damage_taken":[{"damage":8,"enemies":"Cultist","floor":1,"turns":6},{"damage":3,"enemies":"2 Louse","floor":3,"turns":3},{"damage":7,"enemies":"Small Slimes","floor":4,"turns":3},{"damage":2,"enemies":"The Mushroom Lair","floor":7,"turns":4},{"damage":20,"enemies":"Exordium Wildlife","floor":10,"turns":5},{"damage":23,"enemies":"Lagavulin","floor":11,"turns":8},{"damage":16,"enemies":"3 Sentries","floor":13,"turns":6}],"seed_played":"-6238301232452310622","potions_obtained":[{"floor":1,"key":"GhostInAJar"},{"floor":11,"key":"Explosive Potion"}],"is_trial":false,"path_per_floor":["M","?","M","M","?","R","?","R","T","M","E","$","E"],"character_chosen":"THE_SILENT","items_purchased":["Toxic Egg 2","Dodge and Roll+1"],"campfire_rested":0,"item_purchase_floors":[12,12],"current_hp_per_floor":[51,44,41,34,56,56,54,54,54,34,11,11,0],"gold":18,"neow_bonus":"HUNDRED_GOLD","is_prod":false,"is_daily":false,"chose_seed":false,"campfire_upgraded":2,"win_rate":0,"timestamp":1555629747,"path_taken":["M","?","M","M","?","R","?","R","T","M","E","$","E"],"build_version":"2019-04-04","purchased_purges":0,"victory":false,"max_hp_per_floor":[66,66,66,66,66,66,66,66,66,66,66,66,66],"card_choices":[{"not_picked":["Reflex","Slice"],"picked":"Crippling Poison","floor":1},{"not_picked":["Quick Slash","Dagger Throw"],"picked":"Poisoned Stab","floor":3},{"not_picked":["Flying Knee","Choke"],"picked":"Caltrops","floor":4},{"not_picked":["Prepared","Reflex"],"picked":"Leg Sweep","floor":7},{"not_picked":["Underhanded Strike","Sucker Punch","Choke"],"picked":"SKIP","floor":10},{"not_picked":["Choke","Finisher"],"picked":"Malaise","floor":11}],"player_experience":5692896,"relics_obtained":[{"floor":7,"key":"Odd Mushroom"},{"floor":9,"key":"Bottled Lightning"},{"floor":11,"key":"Blood Vial"}],"event_choices":[{"cards_removed":["Strike_G"],"damage_healed":0,"gold_gain":0,"player_choice":"Card Removal","damage_taken":7,"max_hp_gain":0,"max_hp_loss":0,"event_name":"Golden Wing","floor":2,"gold_loss":0},{"damage_healed":22,"gold_gain":0,"player_choice":"Banana","damage_taken":0,"max_hp_gain":0,"max_hp_loss":0,"event_name":"Big Fish","floor":5,"gold_loss":0},{"damage_healed":0,"gold_gain":0,"player_choice":"Fought Mushrooms","damage_taken":0,"max_hp_gain":0,"max_hp_loss":0,"event_name":"Mushrooms","floor":7,"gold_loss":0}],"is_beta":true,"boss_relics":[],"items_purged_floors":[],"is_endless":false,"potions_floor_spawned":[1,11],"killed_by":"3 Sentries","ascension_level":20}