{"gold_per_floor":[13,33,33,33,49,49,61,61,142,176,176,176,176,141,141,215,215,225,238,17,17,17,17,100,117,117,117,132,132,132],"floor_reached":30,"playtime":1404,"items_purged":[],"score":452,"play_id":"f6d99b8a-6fe3-453e-9cff-51a6584db1c6","local_time":"20190411222818","is_ascension_mode":true,"campfire_choices":[{"data":"Defragment","floor":6,"key":"SMITH"},{"data":"Zap","floor":8,"key":"SMITH"},{"floor":11,"key":"REST"},{"floor":13,"key":"REST"},{"data":"Thunder Strike","floor":15,"key":"SMITH"},{"floor":23,"key":"REST"},{"floor":27,"key":"REST"}],"neow_cost":"NO_GOLD","seed_source_timestamp":115622033952918,"circlet_count":0,"master_deck":["AscendersBane","Strike_B","Defend_B","Defend_B","Defend_B","Defend_B","Zap+1","Dualcast","Sweeping Beam","Thunder Strike+1","Defragment+1","Go for the Eyes","Core Surge","Glacier","Hologram+1","Ball Lightning"],"relics":["Cracked Core","Ginger","Singing Bowl","Vajra","Sozu","Runic Capacitor","Tiny Chest","Bottled Tornado"],"potions_floor_usage":[10,10],"damage_taken":[{"damage":4,"enemies":"Jaw Worm","floor":1,"turns":4},{"damage":5,"enemies":"Small Slimes","floor":2,"turns":4},{"damage":0,"enemies":"Cultist","floor":5,"turns":3},{"damage":8,"enemies":"2 Fungi Beasts","floor":7,"turns":3},{"damage":50,"enemies":"3 Sentries","floor":10,"turns":5},{"damage":38,"enemies":"Slime Boss","floor":16,"turns":8},{"damage":22,"enemies":"3 Byrds","floor":18,"turns":5},{"damage":13,"enemies":"Chosen","floor":19,"turns":4},{"damage":17,"enemies":"Colosseum Slavers","floor":22,"turns":4},{"damage":0,"enemies":"Snecko","floor":25,"turns":5},{"damage":4,"enemies":"Cultist and Chosen","floor":28,"turns":6},{"damage":59,"enemies":"Book of Stabbing","floor":30,"turns":5}],"seed_played":"-3214902221585495227","potions_obtained":[{"floor":1,"key":"SteroidPotion"},{"floor":7,"key":"LiquidBronze"}],"is_trial":false,"path_per_floor":["M","M","?","?","M","R","M","R","T","E","R","?","R","?","R","B",null,"M","M","$","?","?","R","T","M","T","R","M","?","E"],"character_chosen":"DEFECT","items_purchased":["Runic Capacitor"],"campfire_rested":4,"item_purchase_floors":[20],"current_hp_per_floor":[60,55,60,60,60,60,52,52,52,4,27,20,43,62,62,24,65,43,30,30,30,13,36,36,38,38,62,58,58,0],"gold":132,"neow_bonus":"ONE_RARE_RELIC","is_prod":false,"is_daily":false,"chose_seed":false,"campfire_upgraded":3,"win_rate":0,"timestamp":1555046898,"path_taken":["M","M","?","?","M","R","?","R","T","E","R","?","R","?","R","BOSS","M","M","$","?","?","R","?","M","T","R","?","?","E"],"build_version":"2019-04-04","purchased_purges":0,"victory":false,"max_hp_per_floor":[71,71,76,76,76,76,76,76,76,78,78,78,78,78,78,78,78,78,78,78,78,78,78,78,80,80,80,80,80,80],"card_choices":[{"not_picked":["Capacitor","Hologram"],"picked":"Sweeping Beam","floor":1},{"not_picked":["Turbo","Lockon","Stack"],"picked":"SKIP","floor":2},{"not_picked":["Heatsinks","Leap"],"picked":"Defragment","floor":5},{"not_picked":["Force Field","Lockon"],"picked":"Go for the Eyes","floor":7},{"not_picked":["Amplify","Go for the Eyes","Machine Learning"],"picked":"Singing Bowl","floor":10},{"not_picked":["Meteor Strike","All For One"],"picked":"Core Surge","floor":16},{"not_picked":["Gash","Beam Cell"],"picked":"Glacier","floor":18},{"not_picked":["Self Repair","Fusion+1"],"picked":"Hologram+1","floor":19},{"not_picked":["Lockon","Leap","Stack"],"picked":"Singing Bowl","floor":25},{"not_picked":["Leap","Self Repair"],"picked":"Ball Lightning","floor":28}],"player_experience":5541071,"relics_obtained":[{"floor":9,"key":"Singing Bowl"},{"floor":10,"key":"Vajra"},{"floor":24,"key":"Tiny Chest"},{"floor":26,"key":"Bottled Tornado"}],"event_choices":[{"damage_healed":0,"gold_gain":0,"player_choice":"Donut","damage_taken":0,"max_hp_gain":5,"max_hp_loss":0,"event_name":"Big Fish","floor":3,"gold_loss":0},{"damage_healed":0,"gold_gain":0,"cards_transformed":["Strike_B"],"player_choice":"Transformed","damage_taken":0,"max_hp_gain":0,"max_hp_loss":0,"event_name":"Transmorgrifier","floor":4,"gold_loss":0,"cards_obtained":["Thunder Strike"]},{"cards_removed":["Strike_B"],"damage_healed":0,"gold_gain":0,"player_choice":"Card Removal","damage_taken":7,"max_hp_gain":0,"max_hp_loss":0,"event_name":"Golden Wing","floor":12,"gold_loss":0},{"damage_healed":19,"gold_gain":0,"player_choice":"Healed","damage_taken":0,"max_hp_gain":0,"max_hp_loss":0,"event_name":"The Cleric","floor":14,"gold_loss":35},{"damage_healed":0,"gold_gain":0,"player_choice":"Fight","damage_taken":0,"max_hp_gain":0,"max_hp_loss":0,"event_name":"Colosseum","floor":22,"gold_loss":0},{"damage_healed":0,"gold_gain":0,"player_choice":"Fled From Nobs","damage_taken":0,"max_hp_gain":0,"max_hp_loss":0,"event_name":"Colosseum","floor":22,"gold_loss":0},{"cards_removed":["Strike_B"],"damage_healed":0,"gold_gain":0,"player_choice":"Offered Basic","damage_taken":0,"max_hp_gain":0,"max_hp_loss":0,"event_name":"Bonfire Elementals","floor":29,"gold_loss":0}],"is_beta":true,"boss_relics":[{"not_picked":["Tiny House","Lizard Tail"],"picked":"Sozu"}],"items_purged_floors":[],"is_endless":false,"potions_floor_spawned":[1,7,19,22],"killed_by":"Book of Stabbing","ascension_level":20}