{"gold_per_floor":[109,33,33,33,33,33,60,75,124,137,169,187,221,240,240,317,317,336,366,393,9,23,54,66,106,145,157,197,222,259,12,12,12],"floor_reached":33,"playtime":2173,"items_purged":["Decay"],"score":782,"play_id":"4dc6532f-b70d-4c0f-a42b-e032f3be856f","local_time":"20190418142915","is_ascension_mode":true,"campfire_choices":[{"data":"Zap","floor":6,"key":"SMITH"},{"data":"Barrage","floor":15,"key":"SMITH"},{"floor":24,"key":"REST"},{"data":"Hyperbeam","floor":27,"key":"SMITH"},{"data":"Defragment","floor":32,"key":"SMITH"}],"neow_cost":"NONE","seed_source_timestamp":310957831068090,"circlet_count":0,"master_deck":["AscendersBane","Strike_B","Strike_B","Strike_B","Strike_B","Defend_B","Defend_B","Defend_B","Defend_B","Zap+1","Dualcast","Auto Shields","Doom and Gloom","Glacier","Barrage+1","Buffer","Conserve Battery","Self Repair","Compile Driver","Hyperbeam+1","Defragment+1","Hologram","Hologram","Compile Driver","Undo","Chill","Capacitor","Coolheaded"],"relics":["Cracked Core","Meat on the Bone","The Courier","Dream Catcher","Art of War","Orichalcum","Runic Dome","Red Mask","Membership Card","WingedGreaves","MawBank","Ancient Tea Set","PreservedInsect","Pear","Boot","OrangePellets","Bag of Preparation","Centennial Puzzle"],"potions_floor_usage":[11,12,19,19,23,23],"damage_taken":[{"damage":1,"enemies":"Cultist","floor":1,"turns":3},{"damage":38,"enemies":"Lagavulin","floor":7,"turns":6},{"damage":12,"enemies":"Jaw Worm","floor":8,"turns":6},{"damage":0,"enemies":"2 Louse","floor":10,"turns":2},{"damage":31,"enemies":"Gremlin Nob","floor":11,"turns":5},{"damage":3,"enemies":"Lots of Slimes","floor":12,"turns":2},{"damage":17,"enemies":"Lagavulin","floor":13,"turns":7},{"damage":4,"enemies":"Large Slime","floor":14,"turns":8},{"damage":0,"enemies":"The Guardian","floor":16,"turns":13},{"damage":13,"enemies":"Spheric Guardian","floor":18,"turns":7},{"damage":21,"enemies":"Masked Bandits","floor":19,"turns":4},{"damage":22,"enemies":"3 Byrds","floor":22,"turns":5},{"damage":41,"enemies":"Gremlin Leader","floor":23,"turns":9},{"damage":17,"enemies":"Slavers","floor":25,"turns":2},{"damage":18,"enemies":"Book of Stabbing","floor":28,"turns":4},{"damage":25,"enemies":"Snake Plant","floor":29,"turns":4},{"damage":25,"enemies":"Slavers","floor":30,"turns":5},{"damage":48,"enemies":"Automaton","floor":33,"turns":10}],"seed_played":"-5853518986273170946","potions_obtained":[{"floor":1,"key":"Explosive Potion"},{"floor":10,"key":"AttackPotion"},{"floor":11,"key":"FairyPotion"},{"floor":13,"key":"Fire Potion"},{"floor":14,"key":"Poison Potion"},{"floor":19,"key":"Ancient Potion"},{"floor":22,"key":"EssenceOfSteel"},{"floor":29,"key":"FairyPotion"}],"is_trial":false,"path_per_floor":["M","$","T","?","?","R","E","M","T","M","E","M","E","M","R","B",null,"M","?","T","$","M","E","R","E","T","R","E","M","E","$","R","B"],"character_chosen":"DEFECT","items_purchased":["Doom and Gloom","Membership Card","WingedGreaves","Defragment","FearPotion","Capacitor","OrangePellets","Bag of Preparation","Centennial Puzzle","Coolheaded"],"campfire_rested":1,"item_purchase_floors":[2,21,21,21,21,31,31,31,31,31],"current_hp_per_floor":[70,70,70,70,70,70,44,44,44,44,25,34,29,44,44,51,71,65,51,51,51,48,19,42,37,37,37,41,35,29,29,29,0],"gold":12,"neow_bonus":"TEN_PERCENT_HP_BONUS","is_prod":false,"is_daily":false,"chose_seed":false,"campfire_upgraded":4,"win_rate":0,"timestamp":1555622955,"path_taken":["M","$","?","?","?","R","E","?","T","M","E","M","E","M","R","BOSS","M","?","?","$","?","E","R","E","T","R","E","M","E","$","R","BOSS"],"build_version":"2019-04-04","purchased_purges":1,"victory":false,"max_hp_per_floor":[78,78,78,78,78,78,78,78,78,78,78,78,78,78,78,78,78,78,78,78,78,78,78,78,78,78,78,88,88,88,88,88,88],"card_choices":[{"not_picked":["Turbo","Aggregate"],"picked":"Auto Shields","floor":1},{"not_picked":["Conserve Battery","Cold Snap"],"picked":"Glacier","floor":7},{"not_picked":["Streamline","Rebound","Beam Cell"],"picked":"SKIP","floor":8},{"not_picked":["Leap","Skim"],"picked":"Barrage","floor":10},{"not_picked":["Rip and Tear","Darkness"],"picked":"Buffer","floor":11},{"not_picked":["Go for the Eyes","Stack"],"picked":"Conserve Battery","floor":12},{"not_picked":["Fusion","Streamline"],"picked":"Self Repair","floor":13},{"not_picked":["BootSequence","Aggregate"],"picked":"Compile Driver","floor":14},{"not_picked":["Multi-Cast","Rainbow"],"picked":"Hyperbeam","floor":16},{"not_picked":["Rebound","Stack","Steam"],"picked":"SKIP","floor":18},{"not_picked":["Conserve Battery","Self Repair+1"],"picked":"Hologram","floor":22},{"not_picked":["Heatsinks","Sunder"],"picked":"Hologram","floor":23},{"not_picked":["Gash+1","Hologram"],"picked":"Compile Driver","floor":24},{"not_picked":["Conserve Battery","Hello World"],"picked":"Undo","floor":25},{"not_picked":["Leap","Force Field","Rebound"],"picked":"SKIP","floor":28},{"not_picked":["Thunder Strike","Rebound","Barrage"],"picked":"SKIP","floor":29},{"not_picked":["Compile Driver","Meteor Strike"],"picked":"Chill","floor":30}],"player_experience":5684510,"relics_obtained":[{"floor":3,"key":"Meat on the Bone"},{"floor":7,"key":"The Courier"},{"floor":9,"key":"Dream Catcher"},{"floor":11,"key":"Art of War"},{"floor":13,"key":"Orichalcum"},{"floor":19,"key":"Red Mask"},{"floor":23,"key":"MawBank"},{"floor":25,"key":"Ancient Tea Set"},{"floor":26,"key":"PreservedInsect"},{"floor":28,"key":"Pear"},{"floor":30,"key":"Boot"}],"event_choices":[{"damage_healed":0,"gold_gain":0,"player_choice":"Leave","damage_taken":0,"max_hp_gain":0,"max_hp_loss":0,"event_name":"The Cleric","floor":4,"gold_loss":0},{"damage_healed":0,"gold_gain":0,"player_choice":"Cursed","damage_taken":0,"max_hp_gain":0,"max_hp_loss":0,"event_name":"Wheel of Change","floor":5,"gold_loss":0,"cards_obtained":["Decay"]},{"damage_healed":0,"gold_gain":0,"player_choice":"Fought Bandits","damage_taken":0,"max_hp_gain":0,"max_hp_loss":0,"event_name":"Masked Bandits","floor":19,"gold_loss":0}],"is_beta":true,"boss_relics":[{"not_picked":["White Beast Statue","Busted Crown"],"picked":"Runic Dome"}],"items_purged_floors":[21],"is_endless":false,"potions_floor_spawned":[1,10,11,13,14,18,19,22,29],"killed_by":"Automaton","ascension_level":20}