{"gold_per_floor":[213,19,30,44,101,130,130,164,217,217,217,217],"floor_reached":12,"playtime":503,"items_purged":[],"score":172,"play_id":"6be99516-f52e-4c31-8eb5-a0161b807df8","local_time":"20190417161600","is_ascension_mode":true,"campfire_choices":[{"data":"Zap","floor":7,"key":"SMITH"},{"floor":11,"key":"REST"}],"neow_cost":"NONE","seed_source_timestamp":232633897608738,"circlet_count":0,"master_deck":["AscendersBane","Strike_B","Strike_B","Strike_B","Strike_B","Defend_B","Defend_B","Defend_B","Defend_B","Zap+1","Dualcast","Coolheaded","Doom and Gloom","Compile Driver","Coolheaded","Static Discharge","Conserve Battery"],"relics":["Cracked Core","Centennial Puzzle","Regal Pillow","Tiny Chest","Golden Idol"],"potions_floor_usage":[6,6],"damage_taken":[{"damage":1,"enemies":"Cultist","floor":1,"turns":3},{"damage":12,"enemies":"Small Slimes","floor":3,"turns":4},{"damage":7,"enemies":"Jaw Worm","floor":4,"turns":3},{"damage":10,"enemies":"3 Sentries","floor":6,"turns":7},{"damage":31,"enemies":"Gremlin Nob","floor":8,"turns":4},{"damage":49,"enemies":"Gremlin Gang","floor":12,"turns":3}],"seed_played":"1581646943497094923","potions_obtained":[{"floor":3,"key":"AttackPotion"},{"floor":8,"key":"Ancient Potion"}],"is_trial":false,"path_per_floor":["M","$","M","M","?","E","R","E","T","?","R","M"],"character_chosen":"DEFECT","items_purchased":["Doom and Gloom","Fire Potion","Poison Potion"],"campfire_rested":1,"item_purchase_floors":[2,2,2],"current_hp_per_floor":[63,63,51,44,44,34,34,3,3,3,37,0],"gold":217,"neow_bonus":"HUNDRED_GOLD","is_prod":false,"is_daily":false,"chose_seed":false,"campfire_upgraded":1,"win_rate":0,"timestamp":1555542960,"path_taken":["M","$","M","M","?","E","R","E","T","?","R","M"],"build_version":"2019-04-04","purchased_purges":0,"victory":false,"max_hp_per_floor":[71,71,71,71,71,71,71,71,71,64,64,64],"card_choices":[{"not_picked":["Redo","Barrage"],"picked":"Coolheaded","floor":1},{"not_picked":["Beam Cell","Heatsinks"],"picked":"Compile Driver","floor":3},{"not_picked":["Beam Cell","Redo"],"picked":"Coolheaded","floor":4},{"not_picked":["Multi-Cast","Hologram"],"picked":"Static Discharge","floor":6},{"not_picked":["Scrape","Leap"],"picked":"Conserve Battery","floor":8}],"player_experience":5674937,"relics_obtained":[{"floor":6,"key":"Centennial Puzzle"},{"floor":8,"key":"Regal Pillow"},{"floor":9,"key":"Tiny Chest"}],"event_choices":[{"damage_healed":0,"gold_gain":57,"player_choice":"Gained Gold","damage_taken":0,"max_hp_gain":0,"max_hp_loss":0,"event_name":"Golden Wing","floor":5,"gold_loss":0},{"damage_healed":0,"gold_gain":0,"player_choice":"Lose Max HP","damage_taken":0,"relics_obtained":["Golden Idol"],"max_hp_gain":0,"max_hp_loss":7,"event_name":"Golden Idol","floor":10,"gold_loss":0}],"is_beta":true,"boss_relics":[],"items_purged_floors":[],"is_endless":false,"potions_floor_spawned":[3,8],"killed_by":"Gremlin Gang","ascension_level":20}