{"gold_per_floor":[116,130,77,2,54,54,54,54,54,64,90,105,133,153,153,230,230,246,161,180,80,93,127,127,127,172,202,221,255,255,287,287,358,358,371,1370,1370,525,542,567,594,609,662,693,693,693,727,41,41,41],"floor_reached":50,"playtime":4036,"items_purged":["Strike_R","Strike_R","Strike_R","Strike_R"],"score":1403,"play_id":"fb8557f9-88d3-48b9-a973-9d70564532b7","local_time":"20190415131648","is_ascension_mode":true,"campfire_choices":[{"data":"Bash","floor":6,"key":"SMITH"},{"data":"Carnage","floor":8,"key":"SMITH"},{"data":"Metallicize","floor":15,"key":"SMITH"},{"floor":24,"key":"REST"},{"floor":30,"key":"REST"},{"floor":32,"key":"REST"},{"floor":46,"key":"REST"},{"floor":49,"key":"RECALL"}],"neow_cost":"NONE","seed_source_timestamp":45548709195370,"circlet_count":0,"master_deck":["AscendersBane","Strike_R","Defend_R+1","Defend_R+1","Defend_R","Defend_R","Bash+1","Metallicize+1","Carnage+1","Pommel Strike+1","Burning Pact","Clothesline+1","Iron Wave+1","Feed+1","Iron Wave+1","Cleave+1","Sword Boomerang+1","RitualDagger+1","Heavy Blade+1","Pommel Strike+1","Anger+1","Headbutt+1","Offering","Pommel Strike+1","Exhume","Noxious Fumes+1","Backflip","Escape Plan","Shrug It Off"],"relics":["Burning Blood","Blood Vial","Sundial","Bag of Preparation","Molten Egg 2","Potion Belt","PreservedInsect","Black Star","Dodecahedron","Regal Pillow","Ginger","Orichalcum","Ornamental Fan","Bag of Marbles","Dream Catcher","WingedGreaves","Omamori","Mercury Hourglass","Runic Dome","Turnip","PrismaticShard","Bronze Scales","War Paint","Lantern","Champion Belt","The Courier","Juzu Bracelet","Strawberry","Dead Branch","OrangePellets"],"potions_floor_usage":[20,23,23,29,31,33,42,44,50,50,50,50],"damage_taken":[{"damage":6,"enemies":"2 Louse","floor":1,"turns":4},{"damage":6,"enemies":"Cultist","floor":2,"turns":4},{"damage":3,"enemies":"Small Slimes","floor":10,"turns":2},{"damage":8,"enemies":"Gremlin Nob","floor":11,"turns":3},{"damage":29,"enemies":"Exordium Thugs","floor":12,"turns":6},{"damage":14,"enemies":"Lagavulin","floor":13,"turns":5},{"damage":0,"enemies":"Large Slime","floor":14,"turns":7},{"damage":17,"enemies":"The Guardian","floor":16,"turns":13},{"damage":19,"enemies":"Spheric Guardian","floor":18,"turns":5},{"damage":5,"enemies":"3 Byrds","floor":20,"turns":7},{"damage":41,"enemies":"Snake Plant","floor":22,"turns":6},{"damage":29,"enemies":"Gremlin Leader","floor":23,"turns":5},{"damage":43,"enemies":"Slavers","floor":27,"turns":6},{"damage":10,"enemies":"3 Cultists","floor":28,"turns":4},{"damage":10,"enemies":"Book of Stabbing","floor":29,"turns":2},{"damage":48,"enemies":"Gremlin Leader","floor":31,"turns":3},{"damage":68,"enemies":"Champ","floor":33,"turns":18},{"damage":0,"enemies":"3 Shapes","floor":35,"turns":2},{"damage":20,"enemies":"3 Darklings","floor":39,"turns":4},{"damage":43,"enemies":"Reptomancer","floor":40,"turns":6},{"damage":29,"enemies":"Maw","floor":42,"turns":6},{"damage":23,"enemies":"Giant Head","floor":44,"turns":4},{"damage":23,"enemies":"Nemesis","floor":47,"turns":5},{"damage":75,"enemies":"Awakened One","floor":50,"turns":16}],"seed_played":"7305924286447570671","potions_obtained":[{"floor":1,"key":"Fire Potion"},{"floor":10,"key":"Dexterity Potion"},{"floor":13,"key":"AttackPotion"},{"floor":14,"key":"Swift Potion"},{"floor":20,"key":"SteroidPotion"},{"floor":27,"key":"SteroidPotion"},{"floor":28,"key":"Poison Potion"},{"floor":31,"key":"Swift Potion"},{"floor":42,"key":"Strength Potion"},{"floor":47,"key":"EntropicBrew"}],"is_trial":false,"path_per_floor":["M","M","?","$","T","R","?","R","T","M","E","M","E","M","R","B",null,"M","?","M","$","M","E","R","?","T","E","M","E","R","E","R","B",null,"M","?","?","$","M","E","T","M","T","E","?","R","E","$","R","B"],"character_chosen":"IRONCLAD","items_purchased":["Turnip","PrismaticShard","Exhume","Dead Branch","OrangePellets","Shrug It Off","Energy Potion","Explosive Potion"],"campfire_rested":4,"item_purchase_floors":[38,38,38,48,48,48,48,48],"current_hp_per_floor":[70,72,72,72,72,72,72,72,72,75,73,52,46,54,54,45,68,61,61,68,68,39,18,59,53,53,18,20,22,65,29,73,17,82,94,94,94,94,86,51,51,30,30,15,15,61,53,53,53,0],"gold":41,"neow_bonus":"RANDOM_COMMON_RELIC","is_prod":false,"is_daily":false,"chose_seed":false,"campfire_upgraded":3,"win_rate":0,"timestamp":1555359408,"path_taken":["M","M","?","$","?","R","?","R","T","M","E","M","E","M","R","BOSS","M","?","M","$","M","E","R","?","T","E","?","E","R","E","R","BOSS","M","?","?","$","M","E","?","?","T","E","?","R","E","$","R","BOSS"],"build_version":"2019-04-04","purchased_purges":4,"victory":false,"max_hp_per_floor":[75,75,75,75,75,75,75,75,75,75,75,75,75,75,75,75,75,79,79,83,83,87,87,87,87,87,87,91,95,95,99,99,103,103,107,107,102,102,106,106,106,106,106,106,106,106,113,113,113,113],"card_choices":[{"not_picked":["Clash","Sword Boomerang"],"picked":"Metallicize","floor":1},{"not_picked":["Anger","Thunderclap"],"picked":"Carnage","floor":2},{"not_picked":["Warcry","Second Wind"],"picked":"Pommel Strike+1","floor":10},{"not_picked":["Bloodletting","Corruption"],"picked":"Burning Pact","floor":11},{"not_picked":["Rage","Sword Boomerang+1"],"picked":"Clothesline+1","floor":12},{"not_picked":["Inflame","Exhume"],"picked":"Armaments","floor":13},{"not_picked":["Corruption","Sever Soul+1"],"picked":"Iron Wave+1","floor":14},{"not_picked":["Reaper+1","Exhume"],"picked":"Feed+1","floor":16},{"not_picked":["Flex","Infernal Blade"],"picked":"Iron Wave+1","floor":18},{"not_picked":["Havoc","True Grit+1"],"picked":"Cleave+1","floor":20},{"not_picked":["Wild Strike+1","Body Slam+1"],"picked":"Sword Boomerang+1","floor":22},{"not_picked":["Perfected Strike+1","Body Slam+1","Rupture"],"picked":"SKIP","floor":23},{"not_picked":["Feed+1","Body Slam+1"],"picked":"Heavy Blade+1","floor":27},{"not_picked":["Armaments","Heavy Blade+1"],"picked":"Pommel Strike+1","floor":28},{"not_picked":["Hemokinesis+1","Perfected Strike+1","Inflame"],"picked":"SKIP","floor":29},{"not_picked":["Inflame","Cleave+1"],"picked":"Anger+1","floor":30},{"not_picked":["Pommel Strike+1","Limit Break"],"picked":"Headbutt+1","floor":31},{"not_picked":["Exhume","Berserk"],"picked":"Offering","floor":33},{"not_picked":["Rampage+1","Metallicize+1"],"picked":"Pommel Strike+1","floor":35},{"not_picked":["Deadly Poison+1","Compile Driver+1"],"picked":"Noxious Fumes+1","floor":39},{"not_picked":["Gash+1","Leap","Entrench"],"picked":"SKIP","floor":40},{"not_picked":["Clash+1","Prepared"],"picked":"Backflip","floor":42},{"not_picked":["Flying Knee+1","Prepared"],"picked":"Escape Plan","floor":44},{"not_picked":["Flex","Masterful Stab+1","Streamline+1"],"picked":"SKIP","floor":47}],"player_experience":5609139,"relics_obtained":[{"floor":5,"key":"Bag of Preparation"},{"floor":9,"key":"Molten Egg 2"},{"floor":11,"key":"Potion Belt"},{"floor":13,"key":"PreservedInsect"},{"floor":23,"key":"Regal Pillow"},{"floor":23,"key":"Ginger"},{"floor":26,"key":"Orichalcum"},{"floor":27,"key":"Ornamental Fan"},{"floor":27,"key":"Bag of Marbles"},{"floor":29,"key":"Dream Catcher"},{"floor":29,"key":"WingedGreaves"},{"floor":31,"key":"Omamori"},{"floor":31,"key":"Mercury Hourglass"},{"floor":40,"key":"Bronze Scales"},{"floor":40,"key":"War Paint"},{"floor":43,"key":"Lantern"},{"floor":44,"key":"Champion Belt"},{"floor":44,"key":"The Courier"},{"floor":47,"key":"Juzu Bracelet"},{"floor":47,"key":"Strawberry"}],"event_choices":[{"damage_healed":0,"gold_gain":0,"player_choice":"Paid Gold","damage_taken":0,"relics_obtained":["Sundial"],"max_hp_gain":0,"max_hp_loss":0,"event_name":"WeMeetAgain","floor":3,"gold_loss":53},{"damage_healed":0,"gold_gain":0,"player_choice":"Leave","damage_taken":0,"max_hp_gain":0,"max_hp_loss":0,"event_name":"The Cleric","floor":7,"gold_loss":0},{"damage_healed":0,"gold_gain":0,"player_choice":"Obtained Relic","damage_taken":0,"relics_obtained":["Dodecahedron"],"max_hp_gain":0,"max_hp_loss":0,"event_name":"Addict","floor":19,"gold_loss":85},{"damage_healed":0,"gold_gain":0,"player_choice":"Joined the Cult","damage_taken":6,"max_hp_gain":0,"max_hp_loss":0,"event_name":"Nest","floor":25,"gold_loss":0,"cards_obtained":["RitualDagger"]},{"damage_healed":0,"gold_gain":999,"player_choice":"Gold","damage_taken":0,"max_hp_gain":0,"max_hp_loss":0,"event_name":"MindBloom","floor":36,"gold_loss":0,"cards_obtained":["Normality","Normality"]},{"damage_healed":0,"gold_gain":0,"player_choice":"Max HP","damage_taken":0,"max_hp_gain":0,"max_hp_loss":5,"event_name":"Winding Halls","floor":37,"gold_loss":0},{"cards_removed":["Armaments"],"damage_healed":0,"gold_gain":0,"player_choice":"Removed Skill","damage_taken":0,"max_hp_gain":0,"max_hp_loss":0,"event_name":"Falling","floor":45,"gold_loss":0}],"is_beta":true,"boss_relics":[{"not_picked":["Pandora\u0027s Box","Lizard Tail"],"picked":"Black Star"},{"not_picked":["Busted Crown","Astrolabe"],"picked":"Runic Dome"}],"items_purged_floors":[4,21,38,48],"is_endless":false,"potions_floor_spawned":[1,10,13,14,20,27,28,31,42,47],"killed_by":"Awakened One","ascension_level":20}