{"gold_per_floor":[126,138,166,196,283,295,334,361,373,385,422,434,474,496,508,594,606,635,23,37,37,37,37,37,56,79,79,79,111,129,129,129,208,208,227,244,244,260,260,260,260,260],"floor_reached":42,"playtime":2362,"items_purged":["Strike_G"],"score":893,"play_id":"d16a8616-9aff-40ef-b222-9406d0047455","local_time":"20190414135141","is_ascension_mode":true,"campfire_choices":[{"data":"Poisoned Stab","floor":6,"key":"SMITH"},{"data":"Neutralize","floor":10,"key":"SMITH"},{"floor":12,"key":"REST"},{"data":"Crippling Poison","floor":15,"key":"SMITH"},{"floor":23,"key":"REST"},{"floor":28,"key":"REST"},{"data":"Footwork","floor":32,"key":"SMITH"},{"floor":40,"key":"REST"}],"neow_cost":"NONE","seed_source_timestamp":342865153332716,"circlet_count":0,"master_deck":["AscendersBane","Survivor","Neutralize+1","Poisoned Stab+1","Footwork+1","Flying Knee","Backflip","Crippling Poison+1","Dash","Dagger Throw","Deadly Poison","Malaise","PiercingWail","Noxious Fumes+1","Backflip","PiercingWail","Backflip","Footwork+1","Envenom+1","Calculated Gamble","Expertise","All Out Attack","Malaise","Bouncing Flask","Accuracy+1","Grand Finale","Crippling Poison","Dodge and Roll+1","Backflip","Cloak And Dagger"],"relics":["Ring of the Snake","MawBank","Frozen Egg 2","Shuriken","Bottled Flame","Lantern","Philosopher\u0027s Stone","Anchor","ClockworkSouvenir","Nilry\u0027s Codex","PreservedInsect","Bag of Marbles","Pandora\u0027s Box"],"potions_floor_usage":[8,11,25,33,33],"damage_taken":[{"damage":1,"enemies":"Small Slimes","floor":1,"turns":4},{"damage":1,"enemies":"Cultist","floor":3,"turns":5},{"damage":0,"enemies":"Jaw Worm","floor":4,"turns":4},{"damage":12,"enemies":"3 Sentries","floor":7,"turns":14},{"damage":0,"enemies":"Exordium Wildlife","floor":8,"turns":7},{"damage":17,"enemies":"Gremlin Nob","floor":11,"turns":4},{"damage":18,"enemies":"Lagavulin","floor":13,"turns":7},{"damage":0,"enemies":"3 Louse","floor":14,"turns":4},{"damage":13,"enemies":"Hexaghost","floor":16,"turns":9},{"damage":13,"enemies":"3 Byrds","floor":18,"turns":5},{"damage":10,"enemies":"2 Thieves","floor":20,"turns":4},{"damage":7,"enemies":"Chosen and Byrds","floor":25,"turns":7},{"damage":11,"enemies":"Gremlin Leader","floor":29,"turns":5},{"damage":0,"enemies":"Cultist and Chosen","floor":30,"turns":6},{"damage":16,"enemies":"Automaton","floor":33,"turns":12},{"damage":21,"enemies":"Orb Walker","floor":35,"turns":4},{"damage":0,"enemies":"3 Shapes","floor":36,"turns":4},{"damage":25,"enemies":"Jaw Worm Horde","floor":38,"turns":6},{"damage":23,"enemies":"3 Darklings","floor":42,"turns":2}],"seed_played":"7951254912088860101","potions_obtained":[{"floor":4,"key":"Block Potion"},{"floor":7,"key":"Strength Potion"},{"floor":11,"key":"Explosive Potion"},{"floor":13,"key":"Dexterity Potion"},{"floor":14,"key":"GhostInAJar"},{"floor":29,"key":"Dexterity Potion"},{"floor":33,"key":"Strength Potion"}],"is_trial":false,"path_per_floor":["M","?","M","M","?","R","E","M","T","R","E","R","E","M","R","B",null,"M","$","M","?","?","R","?","M","T","?","R","E","M","?","R","B",null,"M","M","?","M","?","R","?","M"],"character_chosen":"THE_SILENT","items_purchased":["Noxious Fumes+1","Backflip","PiercingWail","Anchor","ClockworkSouvenir"],"campfire_rested":4,"item_purchase_floors":[19,19,19,19,19],"current_hp_per_floor":[58,58,57,57,46,46,34,34,34,34,17,36,18,18,18,5,51,38,38,28,28,7,26,17,10,10,10,29,18,18,18,18,2,50,29,29,29,4,4,23,23,0],"gold":260,"neow_bonus":"RANDOM_COMMON_RELIC","is_prod":false,"is_daily":false,"chose_seed":false,"campfire_upgraded":4,"win_rate":0,"timestamp":1555275101,"path_taken":["M","?","?","M","?","R","E","M","T","R","E","R","E","M","R","BOSS","M","$","M","?","?","R","?","?","T","?","R","E","M","?","R","BOSS","M","M","?","?","?","R","?","M"],"build_version":"2019-04-04","purchased_purges":1,"victory":false,"max_hp_per_floor":[66,66,66,66,66,66,66,66,66,66,66,66,66,66,66,66,66,66,66,66,66,66,66,66,66,66,66,66,66,66,66,66,66,66,66,66,66,66,66,66,66,66],"card_choices":[{"not_picked":["Flying Knee","Slice"],"picked":"Poisoned Stab","floor":1},{"not_picked":["Endless Agony","Dodge and Roll"],"picked":"Footwork","floor":3},{"not_picked":["Flechettes","Tactician"],"picked":"Flying Knee","floor":4},{"not_picked":["Outmaneuver","Accuracy"],"picked":"Backflip","floor":7},{"not_picked":["Heel Hook","Choke"],"picked":"Crippling Poison","floor":8},{"not_picked":["Dodge and Roll","Bane"],"picked":"Dash","floor":11},{"not_picked":["Underhanded Strike","Flechettes"],"picked":"Dagger Throw","floor":13},{"not_picked":["Sucker Punch","Flying Knee"],"picked":"Deadly Poison","floor":14},{"not_picked":["Bullet Time","Unload"],"picked":"Malaise","floor":16},{"not_picked":["Underhanded Strike","Footwork+1"],"picked":"PiercingWail","floor":18},{"not_picked":["Dagger Throw+1","Outmaneuver","Prepared"],"picked":"SKIP","floor":20},{"not_picked":["Poisoned Stab","Dagger Spray","Flying Knee"],"picked":"SKIP","floor":25},{"not_picked":["Infinite Blades+1","Reflex","Deadly Poison"],"picked":"SKIP","floor":29},{"not_picked":["Poisoned Stab","Night Terror"],"picked":"Footwork+1","floor":30},{"not_picked":["Storm of Steel","Unload"],"picked":"Envenom+1","floor":33},{"not_picked":["Distraction","Eviscerate+1"],"picked":"Dodge and Roll+1","floor":35},{"not_picked":["Underhanded Strike","Quick Slash","Flying Knee"],"picked":"SKIP","floor":36},{"not_picked":["Slice","Terror+1"],"picked":"Cloak And Dagger","floor":38}],"player_experience":5589458,"relics_obtained":[{"floor":7,"key":"Frozen Egg 2"},{"floor":9,"key":"Shuriken"},{"floor":11,"key":"Bottled Flame"},{"floor":13,"key":"Lantern"},{"floor":22,"key":"Nilry\u0027s Codex"},{"floor":26,"key":"PreservedInsect"},{"floor":29,"key":"Bag of Marbles"}],"event_choices":[{"cards_removed":["Strike_G"],"damage_healed":0,"gold_gain":0,"player_choice":"Purged","damage_taken":0,"max_hp_gain":0,"max_hp_loss":0,"event_name":"Purifier","floor":2,"gold_loss":0},{"damage_healed":0,"gold_gain":75,"player_choice":"Gather Gold","damage_taken":11,"max_hp_gain":0,"max_hp_loss":0,"event_name":"World of Goop","floor":5,"gold_loss":0},{"damage_healed":0,"gold_gain":0,"player_choice":"Read","damage_taken":0,"max_hp_gain":0,"max_hp_loss":0,"event_name":"The Library","floor":21,"gold_loss":0,"cards_obtained":["Backflip"]},{"damage_healed":0,"gold_gain":0,"player_choice":"Obtained Book","damage_taken":21,"max_hp_gain":0,"max_hp_loss":0,"event_name":"Cursed Tome","floor":22,"gold_loss":0},{"damage_healed":0,"gold_gain":0,"player_choice":"Damaged","damage_taken":9,"max_hp_gain":0,"max_hp_loss":0,"event_name":"Wheel of Change","floor":24,"gold_loss":0},{"damage_healed":0,"gold_gain":0,"player_choice":"Ignored","damage_taken":0,"max_hp_gain":0,"max_hp_loss":0,"event_name":"The Mausoleum","floor":31,"gold_loss":0},{"damage_healed":0,"gold_gain":0,"player_choice":"Copied","damage_taken":0,"max_hp_gain":0,"max_hp_loss":0,"event_name":"Duplicator","floor":37,"gold_loss":0,"cards_obtained":["Backflip"]},{"damage_healed":0,"gold_gain":0,"player_choice":"Ignored","damage_taken":0,"max_hp_gain":0,"max_hp_loss":0,"event_name":"Tomb of Lord Red Mask","floor":39,"gold_loss":0},{"damage_healed":0,"gold_gain":0,"player_choice":"Ignored","damage_taken":0,"max_hp_gain":0,"max_hp_loss":0,"event_name":"Mysterious Sphere","floor":41,"gold_loss":0}],"is_beta":true,"boss_relics":[{"not_picked":["Ring of the Serpent","White Beast Statue"],"picked":"Philosopher\u0027s Stone"},{"not_picked":["Tiny House","Busted Crown"],"picked":"Pandora\u0027s Box"}],"items_purged_floors":[19],"is_endless":false,"potions_floor_spawned":[4,7,11,13,14,18,29,33],"killed_by":"3 Darklings","ascension_level":20}