{"gold_per_floor":[110,55,55,69,83,83,114,114,114,128,128,160,160,223,223,301,301,316,316,330,330],"floor_reached":21,"playtime":1188,"items_purged":[],"score":524,"play_id":"07a7af32-100c-423c-81d5-f54129144813","local_time":"20190418234409","is_ascension_mode":true,"campfire_choices":[{"data":"Doom and Gloom","floor":6,"key":"SMITH"},{"data":"Undo","floor":8,"key":"SMITH"},{"floor":11,"key":"REST"},{"data":"Multi-Cast","floor":15,"key":"SMITH"}],"neow_cost":"NONE","seed_source_timestamp":345237474231546,"circlet_count":0,"master_deck":["AscendersBane","Strike_B","Strike_B","Strike_B","Defend_B","Defend_B","Defend_B","Defend_B","Zap+1","Dualcast","Coolheaded","Ball Lightning","Doom and Gloom+1","Undo+1","Darkness","Double Energy","Multi-Cast+1","Biased Cognition","Coolheaded","Reinforced Body+1"],"relics":["Cracked Core","Symbiotic Virus","Mummified Hand","Dead Branch","Anchor","Inserter"],"potions_floor_usage":[7,12,21],"damage_taken":[{"damage":2,"enemies":"Jaw Worm","floor":1,"turns":3},{"damage":1,"enemies":"2 Louse","floor":4,"turns":2},{"damage":0,"enemies":"Cultist","floor":5,"turns":3},{"damage":32,"enemies":"Gremlin Nob","floor":7,"turns":4},{"damage":11,"enemies":"Looter","floor":10,"turns":2},{"damage":0,"enemies":"Lagavulin","floor":12,"turns":6},{"damage":8,"enemies":"3 Sentries","floor":14,"turns":7},{"damage":0,"enemies":"Slime Boss","floor":16,"turns":4},{"damage":18,"enemies":"Shell Parasite","floor":18,"turns":4},{"damage":0,"enemies":"3 Byrds","floor":20,"turns":3},{"damage":9,"enemies":"Colosseum Slavers","floor":21,"turns":5},{"damage":38,"enemies":"Colosseum Nobs","floor":21,"turns":3}],"seed_played":"2151594554968481990","potions_obtained":[{"floor":1,"key":"AttackPotion"},{"floor":7,"key":"SpeedPotion"},{"floor":20,"key":"GamblersBrew"}],"is_trial":false,"path_per_floor":["M","$","?","M","M","R","E","R","T","M","R","E","?","?","R","B",null,"M","?","M","?"],"character_chosen":"DEFECT","items_purchased":["Ball Lightning"],"campfire_rested":1,"item_purchase_floors":[2],"current_hp_per_floor":[62,62,62,61,61,61,29,29,29,18,39,39,32,24,24,24,59,41,41,41,0],"gold":330,"neow_bonus":"UPGRADE_CARD","is_prod":false,"is_daily":false,"chose_seed":false,"campfire_upgraded":3,"win_rate":0,"timestamp":1555656249,"path_taken":["M","$","?","M","M","R","E","R","T","M","R","E","?","?","R","BOSS","M","?","M","?"],"build_version":"2019-04-04","purchased_purges":0,"victory":false,"max_hp_per_floor":[71,71,71,71,71,71,71,71,71,71,71,71,71,71,71,71,71,71,71,71,71],"card_choices":[{"not_picked":["Double Energy","Stack"],"picked":"Coolheaded","floor":1},{"not_picked":["Stack","Cold Snap"],"picked":"Doom and Gloom","floor":4},{"not_picked":["Blizzard","Stack","White Noise"],"picked":"SKIP","floor":5},{"not_picked":["White Noise","Aggregate"],"picked":"Undo","floor":7},{"not_picked":["Gash","Skim"],"picked":"Darkness","floor":10},{"not_picked":["Coolheaded","Conserve Battery"],"picked":"Double Energy","floor":12},{"not_picked":["Ball Lightning","Go for the Eyes"],"picked":"Multi-Cast","floor":14},{"not_picked":["Creative AI","Rainbow"],"picked":"Biased Cognition","floor":16},{"not_picked":["Redo","Beam Cell"],"picked":"Coolheaded","floor":18},{"not_picked":["Stack","Coolheaded"],"picked":"Reinforced Body+1","floor":20}],"player_experience":5705879,"relics_obtained":[{"floor":7,"key":"Symbiotic Virus"},{"floor":9,"key":"Mummified Hand"},{"floor":12,"key":"Dead Branch"},{"floor":14,"key":"Anchor"}],"event_choices":[{"damage_healed":0,"gold_gain":0,"player_choice":"Ignored","damage_taken":0,"max_hp_gain":0,"max_hp_loss":0,"event_name":"Liars Game","floor":3,"gold_loss":0},{"cards_removed":["Strike_B"],"damage_healed":0,"gold_gain":0,"player_choice":"Card Removal","damage_taken":7,"max_hp_gain":0,"max_hp_loss":0,"event_name":"Golden Wing","floor":13,"gold_loss":0},{"damage_healed":0,"gold_gain":0,"player_choice":"Searched \u00272\u0027 times","damage_taken":0,"max_hp_gain":0,"max_hp_loss":0,"event_name":"Dead Adventurer","floor":14,"gold_loss":0},{"damage_healed":0,"gold_gain":0,"player_choice":"Ignored","damage_taken":0,"max_hp_gain":0,"max_hp_loss":0,"event_name":"The Mausoleum","floor":19,"gold_loss":0},{"damage_healed":0,"gold_gain":0,"player_choice":"Fight","damage_taken":0,"max_hp_gain":0,"max_hp_loss":0,"event_name":"Colosseum","floor":21,"gold_loss":0},{"damage_healed":0,"gold_gain":0,"player_choice":"Fought Nobs","damage_taken":0,"max_hp_gain":0,"max_hp_loss":0,"event_name":"Colosseum","floor":21,"gold_loss":0}],"is_beta":true,"boss_relics":[{"not_picked":["Philosopher\u0027s Stone","Coffee Dripper"],"picked":"Inserter"}],"items_purged_floors":[],"is_endless":false,"potions_floor_spawned":[1,7,20,21],"killed_by":"Colosseum Nobs","ascension_level":20}