{"gold_per_floor":[14,14,31,31,42,42,58,86,86,86,86,115,40,59,59,137,137,151,163,63,63,63,91,91,120,120,137,137,167,167,199,199,273,273,291,291,305,53,103,103,128,145,145,164,164],"floor_reached":45,"playtime":3004,"items_purged":["Strike_B","Strike_B"],"score":1183,"play_id":"8773d336-1197-4d17-a6af-d711b098c403","local_time":"20190422131816","is_ascension_mode":true,"campfire_choices":[{"data":"Zap","floor":6,"key":"SMITH"},{"data":"Lockon","floor":11,"key":"SMITH"},{"data":"Doom and Gloom","floor":15,"key":"SMITH"},{"floor":24,"key":"REST"},{"floor":28,"key":"REST"},{"floor":30,"key":"REST"},{"floor":32,"key":"REST"},{"floor":40,"key":"REST"}],"neow_cost":"NO_GOLD","seed_source_timestamp":1734251163583,"circlet_count":0,"master_deck":["AscendersBane","Strike_B+1","Strike_B+1","Defend_B+1","Defend_B+1","Defend_B+1","Defend_B+1","Zap+1","Conserve Battery","Lockon+1","Capacitor","Ball Lightning","Compile Driver","Doom and Gloom+1","Ball Lightning","Seek","Barrage","Loop","Cold Snap","Capacitor+1","Echo Form","Force Field+1","Coolheaded","Consume","Static Discharge","Genetic Algorithm+1","Hologram"],"relics":["Cracked Core","Blood Vial","Bird Faced Urn","Shuriken","Pear","Fusion Hammer","Ancient Tea Set","Matryoshka","The Courier","PreservedInsect","Strawberry","Velvet Choker","Oddly Smooth Stone","Ginger","Bottled Lightning","Happy Flower","Ornamental Fan"],"potions_floor_usage":[29,29,39,39,42],"damage_taken":[{"damage":1,"enemies":"2 Louse","floor":1,"turns":3},{"damage":7,"enemies":"Small Slimes","floor":3,"turns":3},{"damage":7,"enemies":"Jaw Worm","floor":5,"turns":4},{"damage":3,"enemies":"Blue Slaver","floor":7,"turns":2},{"damage":4,"enemies":"Gremlin Nob","floor":8,"turns":3},{"damage":25,"enemies":"3 Sentries","floor":12,"turns":6},{"damage":1,"enemies":"Looter","floor":14,"turns":3},{"damage":0,"enemies":"Slime Boss","floor":16,"turns":7},{"damage":0,"enemies":"Chosen","floor":18,"turns":3},{"damage":27,"enemies":"2 Thieves","floor":19,"turns":4},{"damage":57,"enemies":"Book of Stabbing","floor":23,"turns":5},{"damage":12,"enemies":"Gremlin Leader","floor":25,"turns":6},{"damage":9,"enemies":"Snake Plant","floor":27,"turns":4},{"damage":28,"enemies":"Slavers","floor":29,"turns":4},{"damage":18,"enemies":"Book of Stabbing","floor":31,"turns":3},{"damage":34,"enemies":"Champ","floor":33,"turns":11},{"damage":3,"enemies":"3 Shapes","floor":35,"turns":5},{"damage":23,"enemies":"3 Darklings","floor":37,"turns":6},{"damage":86,"enemies":"2 Orb Walkers","floor":39,"turns":6},{"damage":31,"enemies":"Giant Head","floor":41,"turns":8},{"damage":25,"enemies":"Jaw Worm Horde","floor":42,"turns":12},{"damage":33,"enemies":"Sphere and 2 Shapes","floor":44,"turns":6},{"damage":9,"enemies":"3 Darklings","floor":45,"turns":1}],"seed_played":"1317429318998022714","potions_obtained":[{"floor":5,"key":"SteroidPotion"},{"floor":12,"key":"Ancient Potion"},{"floor":29,"key":"Regen Potion"},{"floor":35,"key":"Block Potion"},{"floor":39,"key":"GamblersBrew"},{"floor":41,"key":"Ancient Potion"}],"is_trial":false,"path_per_floor":["M","?","M","?","M","R","M","E","T","?","R","E","$","M","R","B",null,"M","M","$","?","?","E","R","E","T","M","R","E","R","E","R","B",null,"M","?","M","$","?","R","E","M","T","M","M"],"character_chosen":"DEFECT","items_purchased":["Consume","Static Discharge","Oddly Smooth Stone"],"campfire_rested":5,"item_purchase_floors":[38,38,38],"current_hp_per_floor":[77,66,61,61,56,56,55,53,53,53,53,42,42,45,45,49,84,88,65,65,65,65,12,40,34,34,31,59,35,63,58,88,62,92,99,99,85,85,18,48,31,22,22,3,0],"gold":164,"neow_bonus":"TWENTY_PERCENT_HP_BONUS","is_prod":false,"is_daily":false,"chose_seed":false,"campfire_upgraded":3,"win_rate":0,"timestamp":1555964296,"path_taken":["M","?","M","?","M","R","M","E","T","?","R","E","?","M","R","BOSS","M","M","$","?","?","E","R","E","T","M","R","E","R","E","R","BOSS","M","?","?","$","?","R","E","M","T","M","M"],"build_version":"2019-04-21","purchased_purges":2,"victory":false,"max_hp_per_floor":[85,85,85,85,85,85,85,85,85,85,85,95,95,95,95,95,95,95,95,95,95,95,95,95,95,95,95,95,95,95,102,102,102,102,102,102,102,102,102,102,102,102,102,102,102],"card_choices":[{"not_picked":["Redo","Scrape"],"picked":"Conserve Battery","floor":1},{"not_picked":["Beam Cell","Turbo"],"picked":"Lockon","floor":3},{"not_picked":["Redo","Go for the Eyes"],"picked":"Capacitor","floor":5},{"not_picked":["Gash","Compile Driver"],"picked":"Ball Lightning","floor":7},{"not_picked":["Thunder Strike","Beam Cell"],"picked":"Compile Driver","floor":8},{"not_picked":["Redo","Double Energy"],"picked":"Doom and Gloom","floor":12},{"not_picked":["Stack","Double Energy"],"picked":"Ball Lightning","floor":14},{"not_picked":["Meteor Strike","Buffer"],"picked":"Seek","floor":16},{"not_picked":["Ball Lightning","Conserve Battery"],"picked":"Barrage","floor":18},{"not_picked":["Gash","Aggregate","Streamline"],"picked":"SKIP","floor":19},{"not_picked":["Self Repair","Beam Cell"],"picked":"Loop","floor":23},{"not_picked":["Redo","Self Repair","Steam"],"picked":"SKIP","floor":25},{"not_picked":["Stack","Storm","Conserve Battery"],"picked":"SKIP","floor":27},{"not_picked":["Heatsinks","Core Surge"],"picked":"Cold Snap","floor":29},{"not_picked":["Sweeping Beam+1","Lockon"],"picked":"Capacitor+1","floor":31},{"not_picked":["Multi-Cast","Seek"],"picked":"Echo Form","floor":33},{"not_picked":["Hello World","Go for the Eyes"],"picked":"Force Field+1","floor":35},{"not_picked":["Gash","Streamline"],"picked":"Coolheaded","floor":37},{"not_picked":["Cold Snap+1","Heatsinks"],"picked":"Genetic Algorithm+1","floor":39},{"not_picked":["Skim","Steam","White Noise+1"],"picked":"SKIP","floor":41},{"not_picked":["Lockon","Storm","Ball Lightning"],"picked":"SKIP","floor":42},{"not_picked":["Double Energy","Barrage+1"],"picked":"Hologram","floor":44}],"player_experience":5757530,"relics_obtained":[{"floor":8,"key":"Bird Faced Urn"},{"floor":9,"key":"Shuriken"},{"floor":12,"key":"Pear"},{"floor":23,"key":"Ancient Tea Set"},{"floor":25,"key":"Matryoshka"},{"floor":26,"key":"The Courier"},{"floor":29,"key":"PreservedInsect"},{"floor":31,"key":"Strawberry"},{"floor":39,"key":"Ginger"},{"floor":41,"key":"Bottled Lightning"},{"floor":43,"key":"Happy Flower"},{"floor":43,"key":"Ornamental Fan"}],"event_choices":[{"damage_healed":0,"gold_gain":0,"player_choice":"Success","damage_taken":11,"relics_obtained":["Blood Vial"],"max_hp_gain":0,"max_hp_loss":0,"event_name":"Scrap Ooze","floor":2,"gold_loss":0},{"damage_healed":0,"gold_gain":0,"player_choice":"Leave","damage_taken":0,"max_hp_gain":0,"max_hp_loss":0,"event_name":"The Cleric","floor":4,"gold_loss":0},{"damage_healed":0,"gold_gain":0,"player_choice":"Ignored","damage_taken":0,"max_hp_gain":0,"max_hp_loss":0,"event_name":"Liars Game","floor":10,"gold_loss":0},{"damage_healed":0,"gold_gain":0,"player_choice":"Simplicity","damage_taken":0,"max_hp_gain":0,"max_hp_loss":0,"event_name":"Back to Basics","floor":21,"gold_loss":0,"cards_upgraded":["Strike_B","Strike_B","Defend_B","Defend_B","Defend_B","Defend_B"]},{"cards_removed":["Dualcast"],"damage_healed":0,"gold_gain":0,"player_choice":"Offered Basic","damage_taken":0,"max_hp_gain":0,"max_hp_loss":0,"event_name":"Bonfire Elementals","floor":22,"gold_loss":0},{"damage_healed":0,"gold_gain":0,"player_choice":"Ignored","damage_taken":0,"max_hp_gain":0,"max_hp_loss":0,"event_name":"SecretPortal","floor":36,"gold_loss":0},{"damage_healed":0,"gold_gain":0,"player_choice":"Fight","damage_taken":0,"max_hp_gain":0,"max_hp_loss":0,"event_name":"Mysterious Sphere","floor":39,"gold_loss":0}],"is_beta":true,"boss_relics":[{"not_picked":["Runic Dome","Lizard Tail"],"picked":"Fusion Hammer"},{"not_picked":["Coffee Dripper","Pandora\u0027s Box"],"picked":"Velvet Choker"}],"items_purged_floors":[13,20],"is_endless":false,"potions_floor_spawned":[5,12,23,29,35,39,41],"killed_by":"3 Darklings","ascension_level":20}