{"gold_per_floor":[117,133,133,54,65,65,91,91,91,111,131,156,156,171,171,250,250,266,17,17,67,67,102,102,127,127,147,147,147,181,192,192,269,269,279,279,279,297,297,297,331,347,370,390,209,225,250,350,350,350,350,350,350,64,95,95],"floor_reached":57,"playtime":3949,"items_purged":["Strike_G","Normality","Strike_G"],"score":2981,"play_id":"67782f3d-61b9-4856-a144-c7880cb25afa","local_time":"20190418232402","is_ascension_mode":true,"campfire_choices":[{"data":"Quick Slash","floor":6,"key":"SMITH"},{"floor":8,"key":"REST"},{"data":"Corpse Explosion","floor":15,"key":"SMITH"},{"data":"Wraith Form v2","floor":24,"key":"SMITH"},{"floor":29,"key":"REST"},{"data":"Noxious Fumes","floor":32,"key":"SMITH"},{"data":"Corpse Explosion","floor":40,"key":"SMITH"},{"floor":49,"key":"RECALL"},{"data":"Caltrops","floor":53,"key":"SMITH"}],"neow_cost":"NONE","seed_source_timestamp":341245010295089,"circlet_count":0,"master_deck":["AscendersBane","Defend_G","Defend_G","Defend_G","Defend_G","Defend_G","Strike_G","Strike_G","Survivor","Neutralize","Leg Sweep","Quick Slash+1","Backstab","PiercingWail","Corpse Explosion+1","Leg Sweep","Calculated Gamble","After Image","PiercingWail","Wraith Form v2+1","Noxious Fumes+1","Corpse Explosion+1","Acrobatics+1","Night Terror","Night Terror","Bouncing Flask+1","Caltrops+1"],"relics":["Ring of the Snake","StoneCalendar","Potion Belt","Mummified Hand","Ancient Tea Set","Cursed Key","Singing Bowl","Paper Crane","Ornamental Fan","Snecko Eye","Dead Branch","Meat on the Bone","Bird Faced Urn","Anchor","Du-Vu Doll"],"potions_floor_usage":[7,11,12,25,25,55,56,56,56],"damage_taken":[{"damage":0,"enemies":"Cultist","floor":1,"turns":3},{"damage":2,"enemies":"Jaw Worm","floor":2,"turns":6},{"damage":0,"enemies":"2 Louse","floor":5,"turns":3},{"damage":16,"enemies":"3 Sentries","floor":7,"turns":7},{"damage":0,"enemies":"2 Fungi Beasts","floor":10,"turns":2},{"damage":0,"enemies":"Looter","floor":11,"turns":4},{"damage":21,"enemies":"Gremlin Nob","floor":12,"turns":4},{"damage":7,"enemies":"Large Slime","floor":14,"turns":5},{"damage":11,"enemies":"Slime Boss","floor":16,"turns":7},{"damage":0,"enemies":"3 Byrds","floor":18,"turns":3},{"damage":34,"enemies":"Gremlin Leader","floor":23,"turns":7},{"damage":5,"enemies":"Slavers","floor":25,"turns":3},{"damage":1,"enemies":"2 Thieves","floor":27,"turns":3},{"damage":0,"enemies":"Gremlin Leader","floor":30,"turns":7},{"damage":0,"enemies":"Centurion and Healer","floor":31,"turns":6},{"damage":9,"enemies":"Collector","floor":33,"turns":7},{"damage":0,"enemies":"3 Shapes","floor":35,"turns":2},{"damage":0,"enemies":"Orb Walker","floor":38,"turns":4},{"damage":8,"enemies":"Reptomancer","floor":41,"turns":7},{"damage":0,"enemies":"Spire Growth","floor":42,"turns":6},{"damage":10,"enemies":"Maw","floor":44,"turns":5},{"damage":0,"enemies":"Jaw Worm Horde","floor":46,"turns":3},{"damage":0,"enemies":"Nemesis","floor":47,"turns":5},{"damage":0,"enemies":"Mind Bloom Boss Battle","floor":48,"turns":7},{"damage":0,"enemies":"Time Eater","floor":50,"turns":12},{"damage":50,"enemies":"Awakened One","floor":51,"turns":16},{"damage":0,"enemies":"Shield and Spear","floor":55,"turns":4},{"damage":17,"enemies":"The Heart","floor":56,"turns":10}],"seed_played":"-3585884709398579879","potions_obtained":[{"floor":2,"key":"Explosive Potion"},{"floor":7,"key":"Explosive Potion"},{"floor":11,"key":"Poison Potion"},{"floor":12,"key":"Dexterity Potion"},{"floor":14,"key":"AttackPotion"},{"floor":16,"key":"Regen Potion"},{"floor":23,"key":"EssenceOfSteel"},{"floor":25,"key":"EssenceOfSteel"},{"floor":30,"key":"Explosive Potion"},{"floor":42,"key":"Dexterity Potion"},{"floor":55,"key":"Dexterity Potion"}],"is_trial":false,"path_per_floor":["M","M","?","$","M","R","E","R","T","M","M","E","?","M","R","B",null,"M","$","?","?","?","E","R","E","T","M","?","R","E","M","R","B",null,"M","?","T","M","?","R","E","M","T","M","$","M","E","?","R","B","B",null,"R","$","E","B",null],"character_chosen":"THE_SILENT","items_purchased":["Backstab","Noxious Fumes","GhostInAJar","GhostInAJar","Anchor"],"campfire_rested":2,"item_purchase_floors":[4,19,19,45,54],"current_hp_per_floor":[65,63,45,45,45,45,29,50,50,50,50,29,53,46,46,35,63,63,63,63,63,63,29,29,38,38,37,16,39,39,41,41,32,69,71,71,71,73,73,73,67,67,67,59,59,59,61,63,63,87,65,86,86,86,95,89],"gold":95,"neow_bonus":"TEN_PERCENT_HP_BONUS","is_prod":false,"is_daily":false,"chose_seed":false,"campfire_upgraded":6,"win_rate":0,"timestamp":1555655042,"path_taken":["M","?","?","$","M","R","E","R","T","M","M","E","?","M","R","BOSS","M","$","?","?","?","E","R","E","T","M","?","R","E","M","R","BOSS","M","?","?","M","?","R","E","M","T","?","$","M","E","?","R","BOSS","BOSS","R","$","E","BOSS"],"build_version":"2019-04-04","purchased_purges":3,"victory":true,"max_hp_per_floor":[72,72,72,72,72,72,72,72,72,72,72,72,72,72,72,72,72,72,72,72,72,72,72,72,74,74,74,79,79,79,81,81,81,81,83,83,83,85,85,85,87,87,87,89,89,89,91,93,93,93,93,93,93,93,95,95],"card_choices":[{"not_picked":["Sucker Punch","Setup"],"picked":"Leg Sweep","floor":1},{"not_picked":["Underhanded Strike","Sucker Punch"],"picked":"Quick Slash","floor":2},{"not_picked":["Reflex","Blur"],"picked":"PiercingWail","floor":5},{"not_picked":["Dagger Throw","Deadly Poison"],"picked":"Corpse Explosion","floor":7},{"not_picked":["Flying Knee","Bane"],"picked":"Leg Sweep","floor":10},{"not_picked":["Finisher","Cloak And Dagger"],"picked":"Calculated Gamble","floor":11},{"not_picked":["Dagger Throw","Masterful Stab"],"picked":"After Image","floor":12},{"not_picked":["Deadly Poison","Dagger Throw"],"picked":"PiercingWail","floor":14},{"not_picked":["After Image","Venomology"],"picked":"Wraith Form v2","floor":16},{"not_picked":["Prepared","Distraction","Deflect"],"picked":"SKIP","floor":18},{"not_picked":["Dagger Spray","Accuracy+1"],"picked":"Corpse Explosion","floor":23},{"not_picked":["Infinite Blades","Poisoned Stab","Distraction"],"picked":"Singing Bowl","floor":25},{"not_picked":["Infinite Blades","Dagger Spray"],"picked":"Acrobatics+1","floor":27},{"not_picked":["Poisoned Stab","Eviscerate"],"picked":"Night Terror","floor":30},{"not_picked":["Flying Knee","Acrobatics","Dash"],"picked":"Singing Bowl","floor":31},{"not_picked":["Unload","Corpse Explosion"],"picked":"Night Terror","floor":33},{"not_picked":["Cloak And Dagger","Slice","Outmaneuver"],"picked":"Singing Bowl","floor":35},{"not_picked":["Distraction","Cloak And Dagger","Deadly Poison"],"picked":"Singing Bowl","floor":38},{"not_picked":["Deadly Poison","Dagger Throw+1","Calculated Gamble"],"picked":"Singing Bowl","floor":41},{"not_picked":["Dagger Throw","Unload"],"picked":"Bouncing Flask+1","floor":42},{"not_picked":["Underhanded Strike","Slice","Blade Dance"],"picked":"Singing Bowl","floor":44},{"not_picked":["Distraction","Riddle With Holes"],"picked":"Caltrops","floor":46},{"not_picked":["Accuracy","Outmaneuver+1","Endless Agony"],"picked":"Singing Bowl","floor":47},{"not_picked":["Blade Dance","Slice+1","Dodge and Roll"],"picked":"Singing Bowl","floor":48},{"not_picked":["Backflip","Slice","Bane"],"picked":"Singing Bowl","floor":55}],"player_experience":5701930,"relics_obtained":[{"floor":7,"key":"Potion Belt"},{"floor":9,"key":"Mummified Hand"},{"floor":12,"key":"Ancient Tea Set"},{"floor":23,"key":"Singing Bowl"},{"floor":25,"key":"Paper Crane"},{"floor":30,"key":"Ornamental Fan"},{"floor":41,"key":"Dead Branch"},{"floor":47,"key":"Meat on the Bone"},{"floor":48,"key":"Bird Faced Urn"},{"floor":55,"key":"Du-Vu Doll"}],"event_choices":[{"damage_healed":0,"gold_gain":0,"player_choice":"Success","damage_taken":18,"relics_obtained":["StoneCalendar"],"max_hp_gain":0,"max_hp_loss":0,"event_name":"Scrap Ooze","floor":3,"gold_loss":0},{"damage_healed":24,"gold_gain":0,"player_choice":"Banana","damage_taken":0,"max_hp_gain":0,"max_hp_loss":0,"event_name":"Big Fish","floor":13,"gold_loss":0},{"damage_healed":0,"gold_gain":0,"player_choice":"Ignored","damage_taken":0,"max_hp_gain":0,"max_hp_loss":0,"event_name":"The Mausoleum","floor":20,"gold_loss":0},{"damage_healed":0,"gold_gain":50,"player_choice":"Stole From Cult","damage_taken":0,"max_hp_gain":0,"max_hp_loss":0,"event_name":"Nest","floor":21,"gold_loss":0},{"damage_healed":0,"gold_gain":0,"player_choice":"Ignored","damage_taken":0,"max_hp_gain":0,"max_hp_loss":0,"event_name":"Vampires","floor":22,"gold_loss":0},{"damage_healed":0,"gold_gain":0,"player_choice":"Shed Blood","damage_taken":26,"max_hp_gain":5,"max_hp_loss":0,"event_name":"Forgotten Altar","floor":28,"gold_loss":0},{"cards_removed":["Strike_G"],"damage_healed":0,"gold_gain":0,"player_choice":"Removed Attack","damage_taken":0,"max_hp_gain":0,"max_hp_loss":0,"event_name":"Falling","floor":36,"gold_loss":0},{"damage_healed":0,"gold_gain":0,"player_choice":"Ignored","damage_taken":0,"max_hp_gain":0,"max_hp_loss":0,"event_name":"Tomb of Lord Red Mask","floor":39,"gold_loss":0},{"damage_healed":0,"gold_gain":0,"player_choice":"Fight","damage_taken":0,"max_hp_gain":0,"max_hp_loss":0,"event_name":"MindBloom","floor":48,"gold_loss":0}],"is_beta":true,"boss_relics":[{"not_picked":["Astrolabe","Coffee Dripper"],"picked":"Cursed Key"},{"not_picked":["Runic Pyramid","Fusion Hammer"],"picked":"Snecko Eye"}],"items_purged_floors":[19,45,54],"is_endless":false,"potions_floor_spawned":[2,7,11,12,14,16,23,25,30,42,46,47,48,55],"ascension_level":20}