{"gold_per_floor":[213,213,40,40,77,89,126,182,242,254,307,339,375,29,29,122,122,140,15,15,36,36,36,50,50,50,50,175,196,219,257,257,356,356,374,374,398,288,45,83,83,119,168,168,187,3,44,169,169,169,169,169,169,12,56,56],"floor_reached":57,"playtime":3972,"items_purged":["Strike_B","Strike_B","Normality"],"score":3007,"play_id":"e71c4d30-bfd6-4413-862f-22524da65ed0","local_time":"20190419025339","is_ascension_mode":true,"campfire_choices":[{"data":"Sunder","floor":6,"key":"SMITH"},{"data":"Zap","floor":10,"key":"SMITH"},{"data":"Hologram","floor":15,"key":"SMITH"},{"data":"Biased Cognition","floor":23,"key":"SMITH"},{"data":"Coolheaded","floor":25,"key":"SMITH"},{"floor":27,"key":"REST"},{"data":"Steam","floor":32,"key":"SMITH"},{"data":"Seek","floor":41,"key":"SMITH"},{"data":"Apotheosis","floor":44,"key":"SMITH"},{"floor":49,"key":"RECALL"},{"data":"Coolheaded","floor":53,"key":"SMITH"}],"neow_cost":"NONE","seed_source_timestamp":353797788235513,"circlet_count":0,"master_deck":["AscendersBane","Defend_B","Defend_B","Defend_B","Defend_B","Zap+1","Gash","Self Repair","All For One","Coolheaded+1","Ball Lightning","Rebound","All For One","Hologram+1","Biased Cognition+1","Gash","Steam+1","Gash","Gash+1","Hologram","Seek+1","Rebound+1","Defragment+1","Buffer+1","Hologram","Apotheosis+1","Impatience","Good Instincts","Capacitor","Glacier+1","Loop","Coolheaded+1","Hologram","Turbo+1"],"relics":["Cracked Core","Golden Idol","MawBank","Centennial Puzzle","Boot","Whetstone","ClockworkSouvenir","Cursed Key","Dodecahedron","Thread and Needle","Cables","Dream Catcher","Astrolabe","DataDisk","Vajra","Orichalcum","Mummified Hand","Unceasing Top","Anchor","Pen Nib"],"potions_floor_usage":[8,16,16,28,31,40,47,56,56],"damage_taken":[{"damage":4,"enemies":"2 Louse","floor":1,"turns":3},{"damage":0,"enemies":"Small Slimes","floor":5,"turns":3},{"damage":0,"enemies":"Cultist","floor":7,"turns":2},{"damage":8,"enemies":"Gremlin Nob","floor":8,"turns":3},{"damage":15,"enemies":"3 Sentries","floor":11,"turns":5},{"damage":7,"enemies":"2 Fungi Beasts","floor":12,"turns":2},{"damage":4,"enemies":"Exordium Thugs","floor":13,"turns":3},{"damage":40,"enemies":"Hexaghost","floor":16,"turns":7},{"damage":0,"enemies":"Chosen","floor":18,"turns":3},{"damage":22,"enemies":"Shell Parasite","floor":21,"turns":3},{"damage":3,"enemies":"Centurion and Healer","floor":24,"turns":4},{"damage":11,"enemies":"Colosseum Slavers","floor":28,"turns":4},{"damage":11,"enemies":"Colosseum Nobs","floor":28,"turns":3},{"damage":1,"enemies":"Cultist and Chosen","floor":29,"turns":5},{"damage":0,"enemies":"3 Cultists","floor":30,"turns":3},{"damage":11,"enemies":"Slavers","floor":31,"turns":3},{"damage":0,"enemies":"Automaton","floor":33,"turns":5},{"damage":3,"enemies":"3 Shapes","floor":35,"turns":4},{"damage":0,"enemies":"Orb Walker","floor":37,"turns":3},{"damage":2,"enemies":"Reptomancer","floor":40,"turns":7},{"damage":6,"enemies":"Giant Head","floor":42,"turns":5},{"damage":20,"enemies":"3 Darklings","floor":45,"turns":4},{"damage":1,"enemies":"Reptomancer","floor":47,"turns":4},{"damage":0,"enemies":"Mind Bloom Boss Battle","floor":48,"turns":4},{"damage":0,"enemies":"Time Eater","floor":50,"turns":19},{"damage":12,"enemies":"Donu and Deca","floor":51,"turns":6},{"damage":0,"enemies":"Shield and Spear","floor":55,"turns":5},{"damage":4,"enemies":"The Heart","floor":56,"turns":7}],"seed_played":"3045931847698048696","potions_obtained":[{"floor":5,"key":"Dexterity Potion"},{"floor":7,"key":"PowerPotion"},{"floor":12,"key":"FearPotion"},{"floor":21,"key":"Swift Potion"},{"floor":28,"key":"EssenceOfSteel"},{"floor":29,"key":"Fire Potion"},{"floor":33,"key":"Explosive Potion"},{"floor":40,"key":"Regen Potion"},{"floor":47,"key":"PowerPotion"}],"is_trial":false,"path_per_floor":["M","?","$","?","M","R","M","E","T","R","E","M","M","$","R","B",null,"M","$","?","M","$","R","M","R","T","R","?","M","M","E","R","B",null,"M","?","M","?","$","E","R","E","T","R","M","$","E","?","R","B","B",null,"R","$","E","B",null],"character_chosen":"DEFECT","items_purchased":["Self Repair","Coolheaded","All For One","ClockworkSouvenir","Hologram","Steam","DataDisk","Capacitor","Coolheaded","Anchor"],"campfire_rested":1,"item_purchase_floors":[3,3,14,14,14,19,39,39,46,54],"current_hp_per_floor":[60,60,60,60,64,64,64,56,56,56,48,48,51,51,51,11,51,51,51,51,36,36,36,33,33,33,52,44,50,50,46,46,53,61,64,54,64,64,64,64,64,58,58,58,48,48,64,64,64,64,62,64,64,64,64,64],"gold":56,"neow_bonus":"HUNDRED_GOLD","is_prod":false,"is_daily":false,"chose_seed":false,"campfire_upgraded":9,"win_rate":0,"timestamp":1555667619,"path_taken":["M","?","$","?","M","R","M","E","T","R","E","M","?","$","R","BOSS","M","$","?","M","?","R","M","R","T","R","?","M","M","E","R","BOSS","M","?","M","?","$","E","R","E","T","R","?","$","E","?","R","BOSS","BOSS","R","$","E","BOSS"],"build_version":"2019-04-04","purchased_purges":3,"victory":true,"max_hp_per_floor":[71,64,64,64,64,64,64,64,64,64,64,64,64,64,64,64,64,64,64,64,64,64,64,64,64,64,64,64,64,64,64,64,64,64,64,64,64,64,64,64,64,64,64,64,64,64,64,64,64,64,64,64,64,64,64,64],"card_choices":[{"not_picked":["Force Field","Go for the Eyes"],"picked":"Gash","floor":1},{"not_picked":["Recycle","Loop"],"picked":"Sunder","floor":5},{"not_picked":["Heatsinks","Rebound","Redo"],"picked":"SKIP","floor":7},{"not_picked":["Steam","Coolheaded"],"picked":"All For One","floor":8},{"not_picked":["Loop","Rip and Tear"],"picked":"Coolheaded","floor":11},{"not_picked":["Conserve Battery","Self Repair"],"picked":"Ball Lightning","floor":12},{"not_picked":["Turbo","Barrage"],"picked":"Rebound","floor":13},{"not_picked":["Meteor Strike","All For One"],"picked":"Biased Cognition","floor":16},{"not_picked":["Streamline","Leap"],"picked":"Gash","floor":18},{"not_picked":["Hologram","Turbo","Streamline"],"picked":"SKIP","floor":21},{"not_picked":["FTL","Turbo"],"picked":"Gash","floor":24},{"not_picked":["Stack","Streamline"],"picked":"Gash","floor":29},{"not_picked":["Steam Power","Core Surge"],"picked":"Hologram","floor":30},{"not_picked":["Blizzard","Cold Snap","Sweeping Beam"],"picked":"SKIP","floor":31},{"not_picked":["Hyperbeam","Creative AI"],"picked":"Seek","floor":33},{"not_picked":["Sweeping Beam+1","Compile Driver"],"picked":"Hologram","floor":35},{"not_picked":["Swift Strike","Secret Weapon"],"picked":"Apotheosis","floor":36},{"not_picked":["Dramatic Entrance","Good Instincts"],"picked":"Impatience","floor":36},{"not_picked":["Madness","Dramatic Entrance"],"picked":"Good Instincts","floor":36},{"not_picked":["Doom and Gloom","Blizzard","Ball Lightning"],"picked":"SKIP","floor":37},{"not_picked":["Rebound","Reinforced Body"],"picked":"Glacier+1","floor":40},{"not_picked":["Chaos","Stack","Reboot"],"picked":"SKIP","floor":42},{"not_picked":["Conserve Battery","Beam Cell+1"],"picked":"Loop","floor":45},{"not_picked":["Streamline","Doom and Gloom"],"picked":"Hologram","floor":47},{"not_picked":["Cold Snap","Blizzard"],"picked":"Turbo+1","floor":48},{"not_picked":["Genetic Algorithm","Hyperbeam","Darkness"],"picked":"SKIP","floor":55}],"player_experience":5714373,"relics_obtained":[{"floor":8,"key":"Centennial Puzzle"},{"floor":9,"key":"Boot"},{"floor":11,"key":"Whetstone"},{"floor":20,"key":"Dodecahedron"},{"floor":28,"key":"Thread and Needle"},{"floor":28,"key":"Cables"},{"floor":31,"key":"Dream Catcher"},{"floor":40,"key":"Vajra"},{"floor":42,"key":"Orichalcum"},{"floor":47,"key":"Mummified Hand"},{"floor":48,"key":"Unceasing Top"},{"floor":55,"key":"Pen Nib"}],"event_choices":[{"damage_healed":0,"gold_gain":0,"player_choice":"Lose Max HP","damage_taken":0,"relics_obtained":["Golden Idol"],"max_hp_gain":0,"max_hp_loss":7,"event_name":"Golden Idol","floor":2,"gold_loss":0},{"cards_removed":["Coolheaded"],"damage_healed":0,"gold_gain":0,"player_choice":"Gave Card","damage_taken":0,"relics_obtained":["MawBank"],"max_hp_gain":0,"max_hp_loss":0,"event_name":"WeMeetAgain","floor":4,"gold_loss":0},{"damage_healed":0,"gold_gain":0,"player_choice":"Relic","damage_taken":0,"max_hp_gain":0,"max_hp_loss":0,"event_name":"Wheel of Change","floor":20,"gold_loss":0},{"damage_healed":0,"gold_gain":0,"player_choice":"Fight","damage_taken":0,"max_hp_gain":0,"max_hp_loss":0,"event_name":"Colosseum","floor":28,"gold_loss":0},{"damage_healed":0,"gold_gain":0,"player_choice":"Fought Nobs","damage_taken":0,"max_hp_gain":0,"max_hp_loss":0,"event_name":"Colosseum","floor":28,"gold_loss":0},{"damage_healed":0,"gold_gain":0,"player_choice":"Memory 3","damage_taken":10,"max_hp_gain":0,"max_hp_loss":0,"event_name":"SensoryStone","floor":36,"gold_loss":0},{"cards_removed":["Sunder"],"damage_healed":0,"gold_gain":0,"player_choice":"Upgrade and Remove","damage_taken":0,"max_hp_gain":0,"max_hp_loss":0,"event_name":"Designer","floor":38,"gold_loss":110,"cards_upgraded":["Gash"]},{"damage_healed":0,"gold_gain":0,"player_choice":"Fight","damage_taken":0,"max_hp_gain":0,"max_hp_loss":0,"event_name":"MindBloom","floor":48,"gold_loss":0}],"is_beta":true,"boss_relics":[{"not_picked":["Lizard Tail","White Beast Statue"],"picked":"Cursed Key"},{"not_picked":["Sozu","Coffee Dripper"],"picked":"Astrolabe"}],"items_purged_floors":[3,19,46],"is_endless":false,"potions_floor_spawned":[5,7,12,13,21,28,29,33,40,45,47],"ascension_level":20}