{"gold_per_floor":[115,115,3,16,16,45,45,72,97,112,141,155,187,187,187,266,266,279,292,292,303,123,123,150,150,205,215,215,230,230,260,260,338,338,348,368,381,401,32,67,67,99,122,122,122,152,16,46,46,46,46,46,46,46,75,75],"floor_reached":57,"playtime":4672,"items_purged":["Strike_G","Strike_G"],"score":3152,"play_id":"b070373c-4b7f-43e1-9221-4c844d0a98d2","local_time":"20190416133750","is_ascension_mode":true,"campfire_choices":[{"data":"Dash","floor":7,"key":"SMITH"},{"data":"Noxious Fumes","floor":15,"key":"SMITH"},{"data":"Corpse Explosion","floor":23,"key":"SMITH"},{"data":"Footwork","floor":25,"key":"SMITH"},{"data":"Dagger Spray","floor":30,"key":"SMITH"},{"data":"Caltrops","floor":32,"key":"SMITH"},{"data":"Noxious Fumes","floor":45,"key":"SMITH"},{"floor":49,"key":"RECALL"},{"data":"Well Laid Plans","floor":53,"key":"SMITH"}],"neow_cost":"NONE","seed_source_timestamp":132547549515012,"circlet_count":0,"master_deck":["AscendersBane","Defend_G","Defend_G","Defend_G","Defend_G","Defend_G","Survivor","Neutralize+1","Dagger Throw","Leg Sweep","Dash+1","Bane","Footwork+1","Dagger Throw","Dagger Spray+1","Noxious Fumes+1","Dodge and Roll","Corpse Explosion+1","Backflip","Dash","Night Terror","Footwork+1","Caltrops+1","PiercingWail+1","After Image","PiercingWail","Noxious Fumes+1","Expertise+1","Crippling Poison","Backflip","Dodge and Roll","Well Laid Plans+1","Crippling Poison+1"],"relics":["Ring of the Snake","NeowsBlessing","Juzu Bracelet","Mummified Hand","Orichalcum","Odd Mushroom","Gremlin Horn","Coffee Dripper","Sundial","Happy Flower","Question Card","Empty Cage","Pantograph","Blue Candle","Bag of Marbles","Oddly Smooth Stone","Centennial Puzzle","Bottled Lightning"],"potions_floor_usage":[13,16,19,24,38,42,46,55,56,56],"damage_taken":[{"damage":0,"enemies":"Jaw Worm","floor":1,"turns":1},{"damage":0,"enemies":"Small Slimes","floor":4,"turns":1},{"damage":0,"enemies":"Lagavulin","floor":6,"turns":1},{"damage":41,"enemies":"3 Sentries","floor":8,"turns":16},{"damage":0,"enemies":"Cultist","floor":10,"turns":4},{"damage":6,"enemies":"The Mushroom Lair","floor":11,"turns":6},{"damage":0,"enemies":"Blue Slaver","floor":12,"turns":4},{"damage":0,"enemies":"Lagavulin","floor":13,"turns":7},{"damage":0,"enemies":"The Guardian","floor":16,"turns":12},{"damage":9,"enemies":"Shell Parasite","floor":18,"turns":7},{"damage":5,"enemies":"2 Thieves","floor":19,"turns":3},{"damage":6,"enemies":"Snake Plant","floor":21,"turns":6},{"damage":0,"enemies":"Slavers","floor":24,"turns":3},{"damage":10,"enemies":"Sentry and Sphere","floor":27,"turns":7},{"damage":1,"enemies":"Centurion and Healer","floor":29,"turns":5},{"damage":4,"enemies":"Book of Stabbing","floor":31,"turns":4},{"damage":2,"enemies":"Automaton","floor":33,"turns":7},{"damage":0,"enemies":"3 Shapes","floor":35,"turns":4},{"damage":12,"enemies":"3 Darklings","floor":36,"turns":3},{"damage":0,"enemies":"Maw","floor":37,"turns":10},{"damage":6,"enemies":"Writhing Mass","floor":38,"turns":9},{"damage":0,"enemies":"Reptomancer","floor":40,"turns":9},{"damage":2,"enemies":"Nemesis","floor":42,"turns":11},{"damage":0,"enemies":"Reptomancer","floor":46,"turns":5},{"damage":1,"enemies":"Nemesis","floor":48,"turns":9},{"damage":7,"enemies":"Donu and Deca","floor":50,"turns":8},{"damage":54,"enemies":"Awakened One","floor":51,"turns":22},{"damage":2,"enemies":"Shield and Spear","floor":55,"turns":6},{"damage":20,"enemies":"The Heart","floor":56,"turns":12}],"seed_played":"6101328808382656761","potions_obtained":[{"floor":10,"key":"Fire Potion"},{"floor":11,"key":"Poison Potion"},{"floor":13,"key":"FairyPotion"},{"floor":18,"key":"SteroidPotion"},{"floor":19,"key":"Dexterity Potion"},{"floor":37,"key":"SkillPotion"},{"floor":38,"key":"Strength Potion"},{"floor":40,"key":"FearPotion"},{"floor":42,"key":"SteroidPotion"},{"floor":46,"key":"FearPotion"},{"floor":55,"key":"Weak Potion"}],"is_trial":false,"path_per_floor":["M","?","$","M","?","E","R","E","T","M","?","M","E","?","R","B",null,"M","M","$","M","$","R","E","R","T","M","?","M","R","E","R","B",null,"M","M","M","M","$","E","?","E","T","?","R","E","$","E","R","B","B",null,"R","$","E","B",null],"character_chosen":"THE_SILENT","items_purchased":["Leg Sweep","GhostInAJar","Pantograph","Crippling Poison","Well Laid Plans","Swift Potion"],"campfire_rested":0,"item_purchase_floors":[3,22,39,39,47,47],"current_hp_per_floor":[59,59,59,59,59,59,59,18,18,18,12,12,12,12,12,12,53,44,39,39,33,33,33,33,33,33,23,23,22,22,18,18,16,54,54,42,42,36,36,36,36,34,34,34,34,34,34,33,33,51,9,50,50,50,48,43],"gold":75,"neow_bonus":"THREE_ENEMY_KILL","is_prod":false,"is_daily":false,"chose_seed":false,"campfire_upgraded":8,"win_rate":0,"timestamp":1555447070,"path_taken":["M","?","$","M","?","E","R","E","T","M","?","M","E","?","R","BOSS","M","M","$","M","$","R","E","R","T","M","?","M","R","E","R","BOSS","M","M","M","M","$","E","?","E","T","?","R","E","$","E","R","BOSS","BOSS","R","$","E","BOSS"],"build_version":"2019-04-04","purchased_purges":2,"victory":true,"max_hp_per_floor":[66,66,66,66,66,66,66,66,66,66,66,66,66,66,66,66,66,66,66,66,66,66,66,66,66,66,66,66,66,66,66,66,66,66,66,66,66,66,66,66,66,66,66,63,63,63,63,63,63,63,63,63,63,63,63,63],"card_choices":[{"not_picked":["Sucker Punch","Slice"],"picked":"Dagger Throw","floor":1},{"not_picked":["Deadly Poison","Eviscerate"],"picked":"Dash","floor":4},{"not_picked":["Bane","Setup","Concentrate"],"picked":"SKIP","floor":6},{"not_picked":["Blade Dance","Leg Sweep"],"picked":"Footwork","floor":8},{"not_picked":["Underhanded Strike","Outmaneuver"],"picked":"Dagger Throw","floor":10},{"not_picked":["Bane","Infinite Blades"],"picked":"Dagger Spray","floor":11},{"not_picked":["Quick Slash","Backstab"],"picked":"Noxious Fumes","floor":12},{"not_picked":["Deflect","Bane"],"picked":"Dodge and Roll","floor":13},{"not_picked":["Night Terror","Storm of Steel"],"picked":"Corpse Explosion","floor":16},{"not_picked":["Prepared","Slice","Blade Dance"],"picked":"SKIP","floor":18},{"not_picked":["Deadly Poison","Flying Knee"],"picked":"Backflip","floor":19},{"not_picked":["Outmaneuver","Dagger Throw"],"picked":"Dash","floor":21},{"not_picked":["Endless Agony","Quick Slash"],"picked":"Night Terror","floor":24},{"not_picked":["Prepared","Blade Dance","Bane"],"picked":"SKIP","floor":27},{"not_picked":["Prepared","Dagger Spray"],"picked":"Caltrops","floor":29},{"not_picked":["Sucker Punch","Bane"],"picked":"PiercingWail+1","floor":31},{"not_picked":["Venomology","Die Die Die","A Thousand Cuts"],"picked":"After Image","floor":33},{"not_picked":["Flying Knee","Poisoned Stab","Deflect"],"picked":"PiercingWail","floor":35},{"not_picked":["Expertise","Dagger Throw","Sucker Punch","Poisoned Stab"],"picked":"SKIP","floor":36},{"not_picked":["Flechettes","Accuracy","Blade Dance"],"picked":"Noxious Fumes","floor":37},{"not_picked":["Calculated Gamble","Flechettes","Outmaneuver"],"picked":"Expertise+1","floor":38},{"not_picked":["Sucker Punch","Cloak And Dagger","Skewer+1"],"picked":"Backflip","floor":40},{"not_picked":["Endless Agony","Acrobatics","All Out Attack"],"picked":"Dodge and Roll","floor":42},{"not_picked":["Dagger Spray","Sucker Punch+1","Outmaneuver+1","Cloak And Dagger"],"picked":"SKIP","floor":46},{"not_picked":["Poisoned Stab+1","Dash","Dagger Throw","Dagger Spray"],"picked":"SKIP","floor":48},{"not_picked":["Underhanded Strike","Deadly Poison+1","Endless Agony"],"picked":"Crippling Poison+1","floor":55}],"player_experience":5634582,"relics_obtained":[{"floor":6,"key":"Juzu Bracelet"},{"floor":8,"key":"Mummified Hand"},{"floor":9,"key":"Orichalcum"},{"floor":11,"key":"Odd Mushroom"},{"floor":13,"key":"Gremlin Horn"},{"floor":24,"key":"Sundial"},{"floor":26,"key":"Happy Flower"},{"floor":31,"key":"Question Card"},{"floor":40,"key":"Blue Candle"},{"floor":42,"key":"Bag of Marbles"},{"floor":46,"key":"Oddly Smooth Stone"},{"floor":48,"key":"Centennial Puzzle"},{"floor":55,"key":"Bottled Lightning"}],"event_choices":[{"damage_healed":0,"gold_gain":0,"player_choice":"Grow","damage_taken":0,"max_hp_gain":0,"max_hp_loss":0,"event_name":"Living Wall","floor":2,"gold_loss":0,"cards_upgraded":["Neutralize"]},{"damage_healed":0,"gold_gain":0,"cards_transformed":["Strike_G"],"player_choice":"Transformed","damage_taken":0,"max_hp_gain":0,"max_hp_loss":0,"event_name":"Transmorgrifier","floor":5,"gold_loss":0,"cards_obtained":["Bane"]},{"damage_healed":0,"gold_gain":0,"player_choice":"Fought Mushrooms","damage_taken":0,"max_hp_gain":0,"max_hp_loss":0,"event_name":"Mushrooms","floor":11,"gold_loss":0},{"damage_healed":0,"gold_gain":0,"player_choice":"Ignored","damage_taken":0,"max_hp_gain":0,"max_hp_loss":0,"event_name":"Liars Game","floor":14,"gold_loss":0},{"damage_healed":0,"gold_gain":0,"player_choice":"Copied","damage_taken":0,"max_hp_gain":0,"max_hp_loss":0,"event_name":"Duplicator","floor":28,"gold_loss":0,"cards_obtained":["Footwork"]},{"damage_healed":0,"gold_gain":0,"player_choice":"Memory 1","damage_taken":0,"max_hp_gain":0,"max_hp_loss":0,"event_name":"SensoryStone","floor":41,"gold_loss":0},{"damage_healed":0,"gold_gain":0,"player_choice":"Max HP","damage_taken":0,"max_hp_gain":0,"max_hp_loss":3,"event_name":"Winding Halls","floor":44,"gold_loss":0}],"is_beta":true,"boss_relics":[{"not_picked":["Pandora\u0027s Box","Ring of the Serpent"],"picked":"Coffee Dripper"},{"not_picked":["Calling Bell","Cursed Key"],"picked":"Empty Cage"}],"items_purged_floors":[3,22],"is_endless":false,"potions_floor_spawned":[10,11,12,13,18,19,21,37,38,40,42,46,55],"ascension_level":20}