{"gold_per_floor":[113,113,113,38,38,71,71,71,95,110,110,110,142,156,156,233,233,247,31,31,49,65,65,91,91,91,123,133,148,148,175,175,252,252,262,262,282,332,347,347,373,373,400,24,58,58,89,189,189,189,189,189,189,21,50,50],"floor_reached":57,"playtime":2935,"items_purged":["Strike_R","Strike_R","Writhe"],"score":2854,"play_id":"a0b9ba3a-9d4f-48ef-bb68-6dcedbe6db2e","local_time":"20190416161456","is_ascension_mode":true,"campfire_choices":[{"data":"Shockwave","floor":7,"key":"SMITH"},{"data":"Feel No Pain","floor":11,"key":"SMITH"},{"data":"Hemokinesis","floor":15,"key":"SMITH"},{"floor":23,"key":"RECALL"},{"floor":25,"key":"REST"},{"floor":30,"key":"REST"},{"floor":32,"key":"REST"},{"data":"1","floor":40,"key":"LIFT"},{"data":"2","floor":42,"key":"LIFT"},{"data":"3","floor":49,"key":"LIFT"},{"floor":53,"key":"REST"}],"neow_cost":"NONE","seed_source_timestamp":143716332583736,"circlet_count":0,"master_deck":["AscendersBane","Strike_R","Strike_R","Defend_R","Defend_R","Defend_R","Defend_R","Bash+1","Sword Boomerang+1","Shockwave+1","Feel No Pain+1","Hemokinesis+1","Reaper","Reaper","Spot Weakness+1","Impervious","Evolve","Juggernaut","Demon Form","Power Through+1","Flame Barrier","Reaper","Iron Wave+1","Limit Break","Pummel","Shrug It Off","Demon Form","Limit Break"],"relics":["Burning Blood","NeowsBlessing","Vajra","Lantern","Smiling Mask","Red Skull","Fusion Hammer","PreservedInsect","Self Forming Clay","Bag of Marbles","Charon\u0027s Ashes","Darkstone Periapt","Orrery","Girya","Pen Nib","OrangePellets","Strawberry","Dead Branch","Singing Bowl","Pocketwatch","Bag of Preparation","Turnip"],"potions_floor_usage":[38,38,56,56],"damage_taken":[{"damage":0,"enemies":"Jaw Worm","floor":1,"turns":1},{"damage":0,"enemies":"Lagavulin","floor":6,"turns":1},{"damage":0,"enemies":"2 Louse","floor":10,"turns":1},{"damage":24,"enemies":"Gremlin Nob","floor":13,"turns":4},{"damage":0,"enemies":"Cultist","floor":14,"turns":3},{"damage":29,"enemies":"The Guardian","floor":16,"turns":11},{"damage":28,"enemies":"Spheric Guardian","floor":18,"turns":4},{"damage":25,"enemies":"2 Thieves","floor":21,"turns":4},{"damage":13,"enemies":"Centurion and Healer","floor":22,"turns":6},{"damage":10,"enemies":"Book of Stabbing","floor":24,"turns":4},{"damage":45,"enemies":"Slavers","floor":27,"turns":4},{"damage":16,"enemies":"Cultist and Chosen","floor":28,"turns":7},{"damage":13,"enemies":"Shelled Parasite and Fungi","floor":29,"turns":4},{"damage":28,"enemies":"Gremlin Leader","floor":31,"turns":6},{"damage":64,"enemies":"Collector","floor":33,"turns":8},{"damage":47,"enemies":"3 Darklings","floor":35,"turns":6},{"damage":36,"enemies":"Orb Walker","floor":37,"turns":6},{"damage":53,"enemies":"2 Orb Walkers","floor":38,"turns":4},{"damage":62,"enemies":"Transient","floor":39,"turns":6},{"damage":76,"enemies":"Reptomancer","floor":41,"turns":5},{"damage":5,"enemies":"Nemesis","floor":45,"turns":5},{"damage":38,"enemies":"Giant Head","floor":47,"turns":7},{"damage":17,"enemies":"Mind Bloom Boss Battle","floor":48,"turns":8},{"damage":97,"enemies":"Time Eater","floor":50,"turns":11},{"damage":46,"enemies":"Awakened One","floor":51,"turns":6},{"damage":33,"enemies":"Shield and Spear","floor":55,"turns":3},{"damage":92,"enemies":"The Heart","floor":56,"turns":7}],"seed_played":"4647615902451301819","potions_obtained":[{"floor":1,"key":"Explosive Potion"},{"floor":13,"key":"Poison Potion"},{"floor":21,"key":"Poison Potion"},{"floor":35,"key":"EssenceOfSteel"},{"floor":37,"key":"SteroidPotion"},{"floor":45,"key":"SteroidPotion"}],"is_trial":false,"path_per_floor":["M","$","?","$","?","E","R","?","T","M","R","T","E","M","R","B",null,"M","$","?","M","M","R","E","R","T","E","M","M","R","E","R","B",null,"M","?","M","?","M","R","E","R","T","$","E","T","E","?","R","B","B",null,"R","$","E","B",null],"character_chosen":"IRONCLAD","items_purchased":["PreservedInsect","Shrug It Off","OrangePellets","SteroidPotion","Bag of Preparation"],"campfire_rested":4,"item_purchase_floors":[19,44,44,44,54],"current_hp_per_floor":[74,74,79,79,55,61,61,61,61,67,67,67,49,55,55,32,68,54,54,54,59,80,80,79,80,80,80,80,80,80,80,80,41,70,80,86,67,76,27,27,36,36,36,36,59,59,93,90,90,95,95,95,95,95,92,72],"gold":50,"neow_bonus":"THREE_ENEMY_KILL","is_prod":false,"is_daily":false,"chose_seed":false,"campfire_upgraded":3,"win_rate":0,"timestamp":1555456496,"path_taken":["M","$","?","$","?","E","R","?","T","?","R","?","E","M","R","BOSS","M","$","?","M","M","R","E","R","T","E","M","?","R","E","R","BOSS","M","?","M","?","M","R","E","R","T","$","E","?","E","?","R","BOSS","BOSS","R","$","E","BOSS"],"build_version":"2019-04-04","purchased_purges":3,"victory":true,"max_hp_per_floor":[75,75,80,80,80,80,80,80,80,80,80,80,80,80,80,80,80,80,80,80,80,80,80,80,80,80,80,80,80,80,80,80,80,80,80,86,86,86,86,86,86,86,86,86,93,93,93,95,95,95,95,95,95,95,97,97],"card_choices":[{"not_picked":["Second Wind","Iron Wave"],"picked":"Sword Boomerang","floor":1},{"not_picked":["Ghostly Armor","Heavy Blade"],"picked":"Shockwave","floor":6},{"not_picked":["Metallicize","Entrench"],"picked":"Feel No Pain","floor":10},{"not_picked":["Sever Soul","Body Slam"],"picked":"Hemokinesis","floor":13},{"not_picked":["Dropkick","Fire Breathing","Hemokinesis"],"picked":"SKIP","floor":14},{"not_picked":["Immolate","Demon Form"],"picked":"Reaper","floor":16},{"not_picked":["Warcry","Twin Strike","Cleave"],"picked":"SKIP","floor":18},{"not_picked":["Perfected Strike","Anger"],"picked":"Spot Weakness+1","floor":21},{"not_picked":["Carnage+1","Rampage"],"picked":"Impervious","floor":22},{"not_picked":["Second Wind","Flex","Dual Wield"],"picked":"SKIP","floor":24},{"not_picked":["Second Wind","Flex","Dual Wield"],"picked":"SKIP","floor":24},{"not_picked":["Anger","Berserk"],"picked":"Evolve","floor":27},{"not_picked":["Anger","Clothesline","Body Slam"],"picked":"SKIP","floor":28},{"not_picked":["Warcry","Body Slam+1","Heavy Blade"],"picked":"SKIP","floor":29},{"not_picked":["Thunderclap","True Grit"],"picked":"Juggernaut","floor":31},{"not_picked":["Juggernaut","Bludgeon"],"picked":"Demon Form","floor":33},{"not_picked":["Wild Strike","Bloodletting"],"picked":"Power Through+1","floor":34},{"not_picked":["Clash","Anger"],"picked":"Flame Barrier","floor":34},{"not_picked":["Headbutt","Heavy Blade"],"picked":"Reaper","floor":34},{"not_picked":["Entrench","Flex+1"],"picked":"Iron Wave+1","floor":35},{"not_picked":["Iron Wave","Thunderclap","Rupture"],"picked":"SKIP","floor":37},{"not_picked":["Ghostly Armor","Rupture"],"picked":"Limit Break","floor":38},{"not_picked":["Wild Strike","Rampage","True Grit"],"picked":"SKIP","floor":39},{"not_picked":["Sever Soul","True Grit"],"picked":"Pummel","floor":41},{"not_picked":["Bloodletting","Thunderclap+1"],"picked":"Demon Form","floor":45},{"not_picked":["Shrug It Off+1","True Grit"],"picked":"Limit Break","floor":47},{"not_picked":["Headbutt","Anger","Body Slam+1"],"picked":"Singing Bowl","floor":48},{"not_picked":["Headbutt","Spot Weakness","Flex+1"],"picked":"Singing Bowl","floor":55}],"player_experience":5645651,"relics_obtained":[{"floor":6,"key":"Vajra"},{"floor":9,"key":"Lantern"},{"floor":12,"key":"Smiling Mask"},{"floor":13,"key":"Red Skull"},{"floor":24,"key":"Self Forming Clay"},{"floor":26,"key":"Bag of Marbles"},{"floor":27,"key":"Charon\u0027s Ashes"},{"floor":31,"key":"Darkstone Periapt"},{"floor":38,"key":"Girya"},{"floor":41,"key":"Pen Nib"},{"floor":45,"key":"Strawberry"},{"floor":46,"key":"Dead Branch"},{"floor":47,"key":"Singing Bowl"},{"floor":48,"key":"Pocketwatch"},{"floor":55,"key":"Turnip"}],"event_choices":[{"damage_healed":0,"gold_gain":0,"player_choice":"Donut","damage_taken":0,"max_hp_gain":5,"max_hp_loss":0,"event_name":"Big Fish","floor":3,"gold_loss":0},{"damage_healed":0,"gold_gain":0,"player_choice":"Entered Light","damage_taken":24,"max_hp_gain":0,"max_hp_loss":0,"event_name":"Shining Light","floor":5,"gold_loss":0,"cards_upgraded":["Sword Boomerang","Bash"]},{"cards_removed":["Strike_R"],"damage_healed":0,"gold_gain":0,"player_choice":"Offered Basic","damage_taken":0,"max_hp_gain":0,"max_hp_loss":0,"event_name":"Bonfire Elementals","floor":8,"gold_loss":0},{"damage_healed":0,"gold_gain":0,"player_choice":"Copied","damage_taken":0,"max_hp_gain":0,"max_hp_loss":0,"event_name":"Duplicator","floor":20,"gold_loss":0,"cards_obtained":["Reaper"]},{"damage_healed":16,"gold_gain":0,"player_choice":"Writhe","damage_taken":0,"max_hp_gain":0,"max_hp_loss":0,"event_name":"Winding Halls","floor":36,"gold_loss":0,"cards_obtained":["Writhe"]},{"damage_healed":0,"gold_gain":0,"player_choice":"Fight","damage_taken":0,"max_hp_gain":0,"max_hp_loss":0,"event_name":"Mysterious Sphere","floor":38,"gold_loss":0},{"damage_healed":0,"gold_gain":0,"player_choice":"Fight","damage_taken":0,"max_hp_gain":0,"max_hp_loss":0,"event_name":"MindBloom","floor":48,"gold_loss":0}],"is_beta":true,"boss_relics":[{"not_picked":["Eternal Feather","Sozu"],"picked":"Fusion Hammer"},{"not_picked":["Busted Crown","Empty Cage"],"picked":"Orrery"}],"items_purged_floors":[4,19,44],"is_endless":false,"potions_floor_spawned":[1,13,21,22,27,29,35,37,45,47,55],"ascension_level":20}