{"gold_per_floor":[119,39,39,39,49,49,77,77,103,130,140,155,155,173,173,250,250,262,272,322,237,237,265,265,300,312,338,350,422,434,19,19,90,90,105,0,0,10,29,29,64,364,389,400,400,434,487,520,520,520,520,520,520,47,80,80],"floor_reached":57,"playtime":4059,"items_purged":[],"score":2733,"play_id":"5b4bcdac-2252-4971-99c2-27f3cf9ef7f1","local_time":"20190422175810","is_ascension_mode":true,"campfire_choices":[{"data":"Uppercut","floor":6,"key":"SMITH"},{"data":"Disarm","floor":8,"key":"SMITH"},{"data":"Thunderclap","floor":13,"key":"SMITH"},{"data":"Armaments","floor":15,"key":"SMITH"},{"data":"Fiend Fire","floor":24,"key":"SMITH"},{"data":"Spot Weakness","floor":28,"key":"SMITH"},{"data":"Battle Trance","floor":30,"key":"SMITH"},{"data":"Metallicize","floor":32,"key":"SMITH"},{"data":"Shockwave","floor":40,"key":"SMITH"},{"data":"Shrug It Off","floor":45,"key":"SMITH"},{"floor":49,"key":"RECALL"},{"data":"Feel No Pain","floor":53,"key":"SMITH"}],"neow_cost":"NONE","seed_source_timestamp":17444038290309,"circlet_count":0,"master_deck":["AscendersBane","Strike_R+1","Defend_R+1","Defend_R+1","Defend_R+1","Defend_R+1","Bash+1","Metallicize+1","Battle Trance+1","Uppercut+1","Disarm+1","Sword Boomerang","Thunderclap+1","Shockwave+1","Armaments+1","Fiend Fire+1","Spot Weakness+1","Battle Trance+1","Headbutt+1","Feed+1","Bloodletting+1","Shrug It Off+1","Clothesline+1","Evolve+1","Shrug It Off+1","Feel No Pain+1","Shrug It Off","Havoc","Seeing Red","Warcry"],"relics":["Burning Blood","Happy Flower","Bronze Scales","War Paint","Philosopher\u0027s Stone","Juzu Bracelet","Paper Frog","MawBank","Tiny Chest","Oddly Smooth Stone","Pantograph","Astrolabe","Red Mask","Meat on the Bone","Ancient Tea Set","Whetstone","Ice Cream","Dead Branch","Pocketwatch","Letter Opener"],"potions_floor_usage":[19,23,25,29,44,47,48,56,56],"damage_taken":[{"damage":1,"enemies":"Cultist","floor":1,"turns":3},{"damage":3,"enemies":"2 Louse","floor":5,"turns":3},{"damage":27,"enemies":"Lagavulin","floor":7,"turns":9},{"damage":15,"enemies":"Gremlin Nob","floor":10,"turns":4},{"damage":0,"enemies":"Jaw Worm","floor":11,"turns":3},{"damage":8,"enemies":"Blue Slaver","floor":12,"turns":3},{"damage":0,"enemies":"2 Fungi Beasts","floor":14,"turns":2},{"damage":20,"enemies":"The Guardian","floor":16,"turns":13},{"damage":17,"enemies":"Shell Parasite","floor":18,"turns":4},{"damage":9,"enemies":"2 Thieves","floor":19,"turns":3},{"damage":9,"enemies":"Gremlin Leader","floor":23,"turns":6},{"damage":4,"enemies":"Book of Stabbing","floor":25,"turns":5},{"damage":7,"enemies":"Cultist and Chosen","floor":27,"turns":5},{"damage":37,"enemies":"Slavers","floor":29,"turns":7},{"damage":30,"enemies":"Champ","floor":33,"turns":15},{"damage":31,"enemies":"3 Darklings","floor":35,"turns":8},{"damage":8,"enemies":"3 Shapes","floor":38,"turns":8},{"damage":8,"enemies":"Maw","floor":39,"turns":8},{"damage":20,"enemies":"Reptomancer","floor":41,"turns":4},{"damage":5,"enemies":"Spire Growth","floor":44,"turns":5},{"damage":16,"enemies":"Nemesis","floor":46,"turns":5},{"damage":20,"enemies":"2 Orb Walkers","floor":47,"turns":6},{"damage":25,"enemies":"Giant Head","floor":48,"turns":6},{"damage":27,"enemies":"Time Eater","floor":50,"turns":11},{"damage":40,"enemies":"Donu and Deca","floor":51,"turns":7},{"damage":42,"enemies":"Shield and Spear","floor":55,"turns":5},{"damage":45,"enemies":"The Heart","floor":56,"turns":8}],"seed_played":"1324186946924133480","potions_obtained":[{"floor":5,"key":"Fire Potion"},{"floor":7,"key":"SteroidPotion"},{"floor":19,"key":"SteroidPotion"},{"floor":23,"key":"Weak Potion"},{"floor":38,"key":"Ancient Potion"},{"floor":39,"key":"Weak Potion"},{"floor":46,"key":"Ancient Potion"},{"floor":47,"key":"SneckoOil"},{"floor":48,"key":"Block Potion"}],"is_trial":false,"path_per_floor":["M","$","?","?","M","R","E","R","T","E","M","M","R","M","R","B",null,"M","M","?","?","?","E","R","E","T","M","R","E","R","$","R","B",null,"M","?","?","M","M","R","E","?","T","M","R","E","?","E","R","B","B",null,"R","$","E","B",null],"character_chosen":"IRONCLAD","items_purchased":["Battle Trance","Oddly Smooth Stone","Pantograph","SpeedPotion","Pocketwatch","Havoc","Seeing Red"],"campfire_rested":0,"item_purchase_floors":[2,31,31,54,54,54,54],"current_hp_per_floor":[80,80,73,73,76,76,55,55,55,46,52,50,50,56,56,42,72,61,58,58,58,58,55,55,57,57,56,56,25,25,25,25,26,68,47,47,47,49,50,50,36,36,36,49,49,51,49,42,42,58,53,83,83,83,59,57],"gold":80,"neow_bonus":"TEN_PERCENT_HP_BONUS","is_prod":false,"is_daily":false,"chose_seed":false,"campfire_upgraded":11,"win_rate":0,"timestamp":1555981090,"path_taken":["M","?","?","?","M","R","E","R","T","E","M","M","R","M","R","BOSS","M","M","?","?","?","E","R","E","T","M","R","E","R","$","R","BOSS","M","?","?","M","M","R","E","?","T","M","R","E","?","E","R","BOSS","BOSS","R","$","E","BOSS"],"build_version":"2019-04-21","purchased_purges":0,"victory":true,"max_hp_per_floor":[82,82,82,82,82,82,82,82,82,82,82,82,82,82,82,82,82,82,82,82,82,82,82,82,82,82,82,82,82,82,82,82,82,82,86,86,82,86,89,89,89,89,89,89,89,89,89,89,89,89,93,93,93,93,93,93],"card_choices":[{"not_picked":["Clothesline","Corruption"],"picked":"Metallicize","floor":1},{"not_picked":["Metallicize","Perfected Strike"],"picked":"Uppercut","floor":5},{"not_picked":["Pommel Strike","Thunderclap"],"picked":"Disarm","floor":7},{"not_picked":["Twin Strike","Searing Blow"],"picked":"Sword Boomerang","floor":10},{"not_picked":["Perfected Strike","Warcry"],"picked":"Thunderclap","floor":11},{"not_picked":["Uppercut","Havoc"],"picked":"Shockwave","floor":12},{"not_picked":["Metallicize","Perfected Strike"],"picked":"Armaments","floor":14},{"not_picked":["Double Tap","Bludgeon"],"picked":"Fiend Fire","floor":16},{"not_picked":["Heavy Blade","Cleave","Twin Strike"],"picked":"SKIP","floor":18},{"not_picked":["Reckless Charge","Havoc","Perfected Strike"],"picked":"SKIP","floor":19},{"not_picked":["Iron Wave","Whirlwind"],"picked":"Spot Weakness","floor":23},{"not_picked":["Perfected Strike","Rupture","Whirlwind"],"picked":"SKIP","floor":25},{"not_picked":["Havoc","Reckless Charge"],"picked":"Battle Trance","floor":27},{"not_picked":["Rupture","Body Slam"],"picked":"Headbutt","floor":29},{"not_picked":["Exhume","Dark Embrace"],"picked":"Feed","floor":33},{"not_picked":["Uppercut","Body Slam","Headbutt"],"picked":"SKIP","floor":35},{"not_picked":["Wild Strike","Fire Breathing","Sword Boomerang"],"picked":"SKIP","floor":38},{"not_picked":["Twin Strike","Fire Breathing"],"picked":"Evolve+1","floor":39},{"not_picked":["Searing Blow","Clothesline"],"picked":"Shrug It Off","floor":41},{"not_picked":["Heavy Blade","Cleave+1","Bludgeon"],"picked":"SKIP","floor":44},{"not_picked":["Wild Strike","Rampage"],"picked":"Feel No Pain","floor":46},{"not_picked":["Perfected Strike+1","Clothesline"],"picked":"Shrug It Off","floor":47},{"not_picked":["Sword Boomerang","Pommel Strike","Uppercut"],"picked":"SKIP","floor":48},{"not_picked":["Havoc","Anger"],"picked":"Warcry","floor":55}],"player_experience":5773126,"relics_obtained":[{"floor":7,"key":"Happy Flower"},{"floor":9,"key":"Bronze Scales"},{"floor":10,"key":"War Paint"},{"floor":23,"key":"Paper Frog"},{"floor":25,"key":"MawBank"},{"floor":29,"key":"Tiny Chest"},{"floor":41,"key":"Meat on the Bone"},{"floor":43,"key":"Ancient Tea Set"},{"floor":46,"key":"Whetstone"},{"floor":47,"key":"Ice Cream"},{"floor":48,"key":"Dead Branch"},{"floor":55,"key":"Letter Opener"}],"event_choices":[{"cards_removed":["Strike_R"],"damage_healed":0,"gold_gain":0,"player_choice":"Card Removal","damage_taken":7,"max_hp_gain":0,"max_hp_loss":0,"event_name":"Golden Wing","floor":3,"gold_loss":0},{"damage_healed":0,"gold_gain":0,"player_choice":"Grow","damage_taken":0,"max_hp_gain":0,"max_hp_loss":0,"event_name":"Living Wall","floor":4,"gold_loss":0,"cards_upgraded":["Bash"]},{"damage_healed":0,"gold_gain":50,"player_choice":"Stole From Cult","damage_taken":0,"max_hp_gain":0,"max_hp_loss":0,"event_name":"Nest","floor":20,"gold_loss":0},{"damage_healed":0,"gold_gain":0,"player_choice":"Obtained Relic","damage_taken":0,"relics_obtained":["Juzu Bracelet"],"max_hp_gain":0,"max_hp_loss":0,"event_name":"Addict","floor":21,"gold_loss":85},{"damage_healed":0,"gold_gain":0,"player_choice":"Simplicity","damage_taken":0,"max_hp_gain":0,"max_hp_loss":0,"event_name":"Back to Basics","floor":22,"gold_loss":0,"cards_upgraded":["Strike_R","Strike_R","Strike_R","Strike_R","Defend_R","Defend_R","Defend_R"]},{"damage_healed":0,"gold_gain":0,"player_choice":"Paid","damage_taken":0,"relics_obtained":["Red Mask"],"max_hp_gain":0,"max_hp_loss":0,"event_name":"Tomb of Lord Red Mask","floor":36,"gold_loss":105},{"damage_healed":0,"gold_gain":0,"player_choice":"Max HP","damage_taken":0,"max_hp_gain":0,"max_hp_loss":4,"event_name":"Winding Halls","floor":37,"gold_loss":0},{"damage_healed":0,"gold_gain":300,"player_choice":"Gold","damage_taken":0,"max_hp_gain":0,"max_hp_loss":0,"event_name":"Wheel of Change","floor":42,"gold_loss":0},{"damage_healed":0,"gold_gain":0,"player_choice":"Fight","damage_taken":0,"max_hp_gain":0,"max_hp_loss":0,"event_name":"Mysterious Sphere","floor":47,"gold_loss":0}],"is_beta":true,"boss_relics":[{"not_picked":["Calling Bell","Busted Crown"],"picked":"Philosopher\u0027s Stone"},{"not_picked":["Mark of Pain","Runic Dome"],"picked":"Astrolabe"}],"items_purged_floors":[],"is_endless":false,"potions_floor_spawned":[5,7,18,19,23,38,39,46,47,48,55],"ascension_level":20}