{"gold_per_floor":[116,41,56,56,56,56,86,98,157,183,210,253,277,317,329,419,431,457,481,505,407,419],"floor_reached":22,"playtime":945,"items_purged":[],"score":412,"play_id":"bb2158b8-522e-4cca-b4b9-1e3f0334ad52","local_time":"20190414184312","is_ascension_mode":true,"campfire_choices":[{"data":"Defragment","floor":6,"key":"SMITH"},{"floor":8,"key":"REST"},{"data":"Defragment","floor":15,"key":"SMITH"}],"neow_cost":"NONE","seed_source_timestamp":361775305569437,"circlet_count":0,"master_deck":["AscendersBane","Strike_B","Defend_B+1","Defend_B","Defend_B","Defend_B","Zap","Dualcast","Defragment+1","Loop","Static Discharge","Defragment+1","Reinforced Body","Rebound","Storm","Core Surge","Creative AI","Conserve Battery"],"relics":["Cracked Core","Orichalcum","Nunchaku","MawBank","PreservedInsect","Lantern","Pantograph","Busted Crown"],"potions_floor_usage":[7,14,14,19],"damage_taken":[{"damage":8,"enemies":"2 Louse","floor":1,"turns":3},{"damage":7,"enemies":"Jaw Worm","floor":3,"turns":4},{"damage":12,"enemies":"Lagavulin","floor":7,"turns":6},{"damage":0,"enemies":"Cultist","floor":10,"turns":3},{"damage":0,"enemies":"3 Louse","floor":11,"turns":3},{"damage":22,"enemies":"3 Sentries","floor":12,"turns":5},{"damage":4,"enemies":"Red Slaver","floor":13,"turns":3},{"damage":2,"enemies":"Gremlin Nob","floor":14,"turns":3},{"damage":7,"enemies":"Hexaghost","floor":16,"turns":7},{"damage":10,"enemies":"3 Byrds","floor":18,"turns":3},{"damage":10,"enemies":"2 Thieves","floor":19,"turns":4},{"damage":14,"enemies":"Snake Plant","floor":20,"turns":3},{"damage":27,"enemies":"Shelled Parasite and Fungi","floor":22,"turns":3}],"seed_played":"7309563225445138315","potions_obtained":[{"floor":3,"key":"Dexterity Potion"},{"floor":7,"key":"PowerPotion"},{"floor":10,"key":"GamblersBrew"},{"floor":14,"key":"Energy Potion"},{"floor":18,"key":"Fire Potion"}],"is_trial":false,"path_per_floor":["M","?","M","?","?","R","E","R","T","M","M","E","M","E","R","B",null,"M","M","M","?","M"],"character_chosen":"DEFECT","items_purchased":[],"campfire_rested":1,"item_purchase_floors":[],"current_hp_per_floor":[56,56,49,31,31,31,19,40,40,40,40,18,14,12,12,30,61,51,41,27,27,0],"gold":419,"neow_bonus":"RANDOM_COMMON_RELIC","is_prod":false,"is_daily":false,"chose_seed":false,"campfire_upgraded":2,"win_rate":0,"timestamp":1555292592,"path_taken":["M","?","M","?","?","R","E","R","T","M","M","E","M","E","R","BOSS","M","?","M","?","?"],"build_version":"2019-04-04","purchased_purges":0,"victory":false,"max_hp_per_floor":[71,71,71,71,71,71,71,71,71,71,71,71,71,71,71,71,71,71,71,71,71,71],"card_choices":[{"not_picked":["Gash","Auto Shields"],"picked":"Defragment","floor":1},{"not_picked":["Consume","Barrage"],"picked":"Loop","floor":3},{"not_picked":["Go for the Eyes","Genetic Algorithm"],"picked":"Static Discharge","floor":7},{"not_picked":["Heatsinks","Redo"],"picked":"Defragment","floor":10},{"not_picked":["Chaos","Heatsinks"],"picked":"Reinforced Body","floor":11},{"not_picked":["Chaos","Recycle"],"picked":"Rebound","floor":12},{"not_picked":["Turbo","BootSequence"],"picked":"Storm","floor":13},{"not_picked":["Lockon","Hologram"],"picked":"Core Surge","floor":14},{"not_picked":["Multi-Cast","Meteor Strike"],"picked":"Creative AI","floor":16},{"not_picked":[],"picked":"Conserve Battery","floor":18},{"not_picked":["Leap"],"picked":"SKIP","floor":19},{"not_picked":["Sunder"],"picked":"SKIP","floor":20}],"player_experience":5608194,"relics_obtained":[{"floor":7,"key":"MawBank"},{"floor":9,"key":"PreservedInsect"},{"floor":12,"key":"Lantern"},{"floor":14,"key":"Pantograph"}],"event_choices":[{"cards_removed":["Strike_B"],"damage_healed":0,"gold_gain":0,"player_choice":"Card Removal","damage_taken":0,"max_hp_gain":0,"max_hp_loss":0,"event_name":"The Cleric","floor":2,"gold_loss":75},{"damage_healed":0,"gold_gain":0,"player_choice":"Success","damage_taken":18,"relics_obtained":["Nunchaku"],"max_hp_gain":0,"max_hp_loss":0,"event_name":"Scrap Ooze","floor":4,"gold_loss":0},{"cards_removed":["Strike_B"],"damage_healed":0,"gold_gain":0,"player_choice":"Purged","damage_taken":0,"max_hp_gain":0,"max_hp_loss":0,"event_name":"Purifier","floor":5,"gold_loss":0},{"cards_removed":["Strike_B"],"damage_healed":0,"gold_gain":0,"player_choice":"Upgrade and Remove","damage_taken":0,"max_hp_gain":0,"max_hp_loss":0,"event_name":"Designer","floor":21,"gold_loss":110,"cards_upgraded":["Defend_B"]}],"is_beta":true,"boss_relics":[{"not_picked":["Lizard Tail","FrozenCore"],"picked":"Busted Crown"}],"items_purged_floors":[],"is_endless":false,"potions_floor_spawned":[3,7,10,12,14,18],"killed_by":"Shelled Parasite and Fungi","ascension_level":20}