{"gold_per_floor":[109,34,34,34,48,48,83,83,83,83,98,137,137,170,170,261,261,280,73,73,73,87,126,139,170,170,206,220,12,12,52,52,148,148,168,11,11,27,152,152,168,209,209,209,60,103,121,121,121,121,121,121,121,17,58,58],"floor_reached":57,"playtime":4197,"items_purged":["Strike_G","Strike_G"],"score":3229,"play_id":"055b9609-d5cb-40fe-8ac5-0fe0daf2affd","local_time":"20190411220408","is_ascension_mode":true,"campfire_choices":[{"data":"Deadly Poison","floor":6,"key":"SMITH"},{"data":"Crippling Poison","floor":8,"key":"SMITH"},{"data":"Strike_G","floor":10,"key":"SMITH"},{"data":"Skewer","floor":15,"key":"SMITH"},{"floor":30,"key":"RECALL"},{"floor":32,"key":"REST"},{"data":"Strike_G+1","floor":40,"key":"PURGE"},{"data":"Clumsy","floor":49,"key":"PURGE"},{"floor":53,"key":"REST"}],"neow_cost":"NONE","seed_source_timestamp":111333975681358,"circlet_count":0,"master_deck":["AscendersBane","Defend_G","Defend_G","Defend_G","Defend_G","Defend_G","Survivor","Neutralize","Leg Sweep","Deadly Poison+1","Crippling Poison+1","Skewer+1","Well Laid Plans","Backflip","Adrenaline","Leg Sweep+1","Footwork","PiercingWail","PiercingWail","Deflect","Deadly Poison","Well Laid Plans","Dodge and Roll+1","Footwork","Corpse Explosion","Apotheosis","Malaise","Catalyst","Backflip","Noxious Fumes","Dark Shackles","Blade Dance+1","Finesse","Thinking Ahead","Night Terror","Acrobatics","Tools of the Trade"],"relics":["Ring of the Snake","NeowsBlessing","Golden Idol","Meat on the Bone","Gremlin Horn","PreservedInsect","Letter Opener","Dodecahedron","Fusion Hammer","The Courier","Oddly Smooth Stone","Kunai","Happy Flower","Cursed Key","Peace Pipe","Potion Belt","Strawberry","Ornamental Fan"],"potions_floor_usage":[18,25,55,55,56,56,56,56],"damage_taken":[{"damage":0,"enemies":"Small Slimes","floor":1,"turns":1},{"damage":0,"enemies":"Jaw Worm","floor":5,"turns":1},{"damage":0,"enemies":"Lagavulin","floor":7,"turns":1},{"damage":0,"enemies":"Cultist","floor":11,"turns":4},{"damage":34,"enemies":"Gremlin Nob","floor":12,"turns":5},{"damage":7,"enemies":"Lagavulin","floor":14,"turns":6},{"damage":22,"enemies":"The Guardian","floor":16,"turns":13},{"damage":0,"enemies":"Shell Parasite","floor":18,"turns":5},{"damage":0,"enemies":"2 Thieves","floor":22,"turns":4},{"damage":2,"enemies":"Book of Stabbing","floor":23,"turns":6},{"damage":0,"enemies":"Snake Plant","floor":24,"turns":4},{"damage":6,"enemies":"Slavers","floor":25,"turns":5},{"damage":0,"enemies":"Book of Stabbing","floor":27,"turns":5},{"damage":0,"enemies":"Snecko","floor":28,"turns":6},{"damage":0,"enemies":"Gremlin Leader","floor":31,"turns":5},{"damage":0,"enemies":"Champ","floor":33,"turns":18},{"damage":1,"enemies":"Orb Walker","floor":35,"turns":5},{"damage":6,"enemies":"3 Shapes","floor":38,"turns":3},{"damage":0,"enemies":"Mind Bloom Boss Battle","floor":39,"turns":8},{"damage":0,"enemies":"Writhing Mass","floor":41,"turns":7},{"damage":1,"enemies":"Giant Head","floor":42,"turns":6},{"damage":0,"enemies":"Nemesis","floor":46,"turns":9},{"damage":0,"enemies":"Jaw Worm Horde","floor":47,"turns":2},{"damage":3,"enemies":"Time Eater","floor":50,"turns":9},{"damage":4,"enemies":"Awakened One","floor":51,"turns":15},{"damage":0,"enemies":"Shield and Spear","floor":55,"turns":4},{"damage":0,"enemies":"The Heart","floor":56,"turns":7}],"seed_played":"7896684172247733108","potions_obtained":[{"floor":1,"key":"Regen Potion"},{"floor":7,"key":"SpeedPotion"},{"floor":16,"key":"EssenceOfSteel"},{"floor":18,"key":"Weak Potion"},{"floor":31,"key":"LiquidBronze"},{"floor":33,"key":"Poison Potion"},{"floor":39,"key":"Block Potion"},{"floor":47,"key":"GamblersBrew"},{"floor":55,"key":"EntropicBrew"}],"is_trial":false,"path_per_floor":["M","?","$","?","M","R","E","R","T","R","M","E","T","E","R","B",null,"M","$","?","?","M","E","M","E","T","E","M","$","R","E","R","B",null,"M","$","?","M","?","R","M","E","T","?","$","E","M","?","R","B","B",null,"R","$","E","B",null],"character_chosen":"THE_SILENT","items_purchased":["Footwork","PiercingWail","Footwork","Infinite Blades","Apotheosis","Noxious Fumes","Dark Shackles","Night Terror","Acrobatics"],"campfire_rested":2,"item_purchase_floors":[19,19,29,29,36,45,45,54,54],"current_hp_per_floor":[59,59,59,59,59,59,59,59,59,59,59,37,37,42,42,32,53,53,53,53,53,53,51,51,60,60,60,60,60,60,60,60,60,60,59,59,59,53,53,53,53,52,52,52,52,59,59,49,49,46,42,61,67,67,67,67],"gold":58,"neow_bonus":"THREE_ENEMY_KILL","is_prod":false,"is_daily":false,"chose_seed":false,"campfire_upgraded":4,"win_rate":0,"timestamp":1555045448,"path_taken":["M","?","$","?","M","R","E","R","T","R","M","E","?","E","R","BOSS","M","$","?","?","?","E","M","E","T","E","?","?","R","E","R","BOSS","M","?","?","?","?","R","M","E","T","?","$","E","M","?","R","BOSS","BOSS","R","$","E","BOSS"],"build_version":"2019-04-04","purchased_purges":2,"victory":true,"max_hp_per_floor":[66,66,66,60,60,60,60,60,60,60,60,60,60,60,60,60,60,60,60,60,60,60,60,60,60,60,60,60,60,60,60,60,60,60,60,60,60,60,60,60,60,60,60,60,60,67,67,67,67,67,67,67,67,67,67,67],"card_choices":[{"not_picked":["Expertise","Deadly Poison"],"picked":"Leg Sweep","floor":1},{"not_picked":["Tactician","Bane"],"picked":"Deadly Poison","floor":5},{"not_picked":["Tactician","Sucker Punch"],"picked":"Crippling Poison","floor":7},{"not_picked":["Slice","Sucker Punch"],"picked":"Skewer","floor":11},{"not_picked":["Crippling Poison","Storm of Steel"],"picked":"Well Laid Plans","floor":12},{"not_picked":["Expertise","Infinite Blades"],"picked":"Backflip","floor":14},{"not_picked":["After Image","Venomology"],"picked":"Adrenaline","floor":16},{"not_picked":["Deflect","Dodge and Roll"],"picked":"Leg Sweep+1","floor":18},{"not_picked":["Concentrate","All Out Attack"],"picked":"Deflect","floor":22},{"not_picked":["Expertise","Slice","Envenom"],"picked":"SKIP","floor":23},{"not_picked":["Prepared","Setup"],"picked":"Deadly Poison","floor":24},{"not_picked":["Reflex","Outmaneuver","Envenom"],"picked":"SKIP","floor":25},{"not_picked":["Skewer","Blade Dance"],"picked":"Well Laid Plans","floor":27},{"not_picked":["Cloak And Dagger","Underhanded Strike+1"],"picked":"Dodge and Roll+1","floor":28},{"not_picked":["Underhanded Strike","Finisher","Dagger Spray"],"picked":"SKIP","floor":31},{"not_picked":["Bullet Time","Unload"],"picked":"Corpse Explosion","floor":33},{"not_picked":["Slice","Expertise","Flying Knee"],"picked":"SKIP","floor":35},{"not_picked":["Slice+1","Prepared","Bouncing Flask"],"picked":"SKIP","floor":38},{"not_picked":["Dodge and Roll","Predator+1"],"picked":"Malaise","floor":39},{"not_picked":["Poisoned Stab+1","Expertise+1"],"picked":"Catalyst","floor":41},{"not_picked":["Infinite Blades","Deadly Poison"],"picked":"Backflip","floor":42},{"not_picked":["Finisher+1","Eviscerate","Endless Agony"],"picked":"SKIP","floor":46},{"not_picked":["Poisoned Stab","Masterful Stab"],"picked":"Blade Dance+1","floor":47},{"not_picked":["Deep Breath","Madness"],"picked":"Finesse","floor":48},{"not_picked":["Dramatic Entrance","Jack Of All Trades"],"picked":"Thinking Ahead","floor":48},{"not_picked":["Backstab","Dagger Spray"],"picked":"Tools of the Trade","floor":55}],"player_experience":5536874,"relics_obtained":[{"floor":7,"key":"Meat on the Bone"},{"floor":9,"key":"Gremlin Horn"},{"floor":12,"key":"PreservedInsect"},{"floor":13,"key":"Letter Opener"},{"floor":14,"key":"Dodecahedron"},{"floor":23,"key":"The Courier"},{"floor":25,"key":"Oddly Smooth Stone"},{"floor":26,"key":"Kunai"},{"floor":31,"key":"Happy Flower"},{"floor":39,"key":"Peace Pipe"},{"floor":42,"key":"Potion Belt"},{"floor":46,"key":"Strawberry"},{"floor":55,"key":"Ornamental Fan"}],"event_choices":[{"cards_removed":["Strike_G"],"damage_healed":0,"gold_gain":0,"player_choice":"Card Removal","damage_taken":0,"max_hp_gain":0,"max_hp_loss":0,"event_name":"The Cleric","floor":2,"gold_loss":75},{"damage_healed":0,"gold_gain":0,"player_choice":"Lose Max HP","damage_taken":0,"relics_obtained":["Golden Idol"],"max_hp_gain":0,"max_hp_loss":6,"event_name":"Golden Idol","floor":4,"gold_loss":0},{"damage_healed":0,"gold_gain":0,"player_choice":"Read","damage_taken":0,"max_hp_gain":0,"max_hp_loss":0,"event_name":"The Library","floor":20,"gold_loss":0,"cards_obtained":["PiercingWail"]},{"cards_removed":["Strike_G"],"damage_healed":0,"gold_gain":0,"player_choice":"Offered Basic","damage_taken":0,"max_hp_gain":0,"max_hp_loss":0,"event_name":"Bonfire Elementals","floor":37,"gold_loss":0},{"damage_healed":0,"gold_gain":0,"player_choice":"Fight","damage_taken":0,"max_hp_gain":0,"max_hp_loss":0,"event_name":"MindBloom","floor":39,"gold_loss":0},{"cards_removed":["Infinite Blades"],"damage_healed":0,"gold_gain":0,"player_choice":"Removed Power","damage_taken":0,"max_hp_gain":0,"max_hp_loss":0,"event_name":"Falling","floor":44,"gold_loss":0},{"damage_healed":0,"gold_gain":0,"player_choice":"Memory 3","damage_taken":10,"max_hp_gain":0,"max_hp_loss":0,"event_name":"SensoryStone","floor":48,"gold_loss":0}],"is_beta":true,"boss_relics":[{"not_picked":["Pandora\u0027s Box","Tiny House"],"picked":"Fusion Hammer"},{"not_picked":["Velvet Choker","Ring of the Serpent"],"picked":"Cursed Key"}],"items_purged_floors":[19,29],"is_endless":false,"potions_floor_spawned":[1,7,16,18,22,31,33,39,47,55],"ascension_level":20}