{"gold_per_floor":[112,127,46,46,61,61,123,123,178,205,224,239,239,254,254,328,328,343,74,94,94,94,94,128,128,198,228,228,254,254,254,254,333,333,351,363,363,376,387,420,420,44,44,44,79,91,106,106,106,106,106,106,106,21,56,56],"floor_reached":57,"playtime":3937,"items_purged":["Strike_G","Strike_G+1"],"score":2906,"play_id":"0bd29261-2998-4dbe-9be3-db2f14e1dc68","local_time":"20190414163255","is_ascension_mode":true,"campfire_choices":[{"data":"Caltrops","floor":6,"key":"SMITH"},{"data":"Storm of Steel","floor":8,"key":"SMITH"},{"data":"Dagger Spray","floor":13,"key":"SMITH"},{"floor":15,"key":"REST"},{"data":"Wraith Form v2","floor":23,"key":"SMITH"},{"data":"Footwork","floor":25,"key":"SMITH"},{"data":"Footwork","floor":28,"key":"SMITH"},{"data":"Leg Sweep","floor":30,"key":"SMITH"},{"floor":32,"key":"REST"},{"data":"Noxious Fumes","floor":41,"key":"SMITH"},{"data":"Footwork","floor":44,"key":"SMITH"},{"floor":49,"key":"RECALL"},{"floor":53,"key":"REST"}],"neow_cost":"CURSE","seed_source_timestamp":350947520658181,"circlet_count":0,"master_deck":["AscendersBane","Defend_G+1","Defend_G+1","Defend_G+1","Defend_G+1","Defend_G+1","Strike_G+1","Strike_G+1","Strike_G+1","Survivor","Neutralize","Clumsy","Dagger Spray+1","Dodge and Roll","Footwork+1","Caltrops+1","Storm of Steel+1","Cloak And Dagger","PiercingWail","Leg Sweep+1","Dash","Wraith Form v2+1","PiercingWail","Footwork+1","Tools of the Trade","Acrobatics+1","Noxious Fumes+1","Bouncing Flask","Backflip","Leg Sweep","Footwork+1","Bouncing Flask","Blur+1","Predator","Dash","Writhe","Riddle With Holes","Envenom"],"relics":["Ring of the Snake","Tingsha","Tiny Chest","PreservedInsect","Bag of Preparation","Snecko Eye","Vajra","Strawberry","Mercury Hourglass","Pear","Sozu","Shovel","Centennial Puzzle","Du-Vu Doll","Juzu Bracelet","Pantograph"],"potions_floor_usage":[16,16,33,56],"damage_taken":[{"damage":2,"enemies":"Cultist","floor":1,"turns":5},{"damage":0,"enemies":"2 Louse","floor":2,"turns":2},{"damage":1,"enemies":"Jaw Worm","floor":5,"turns":4},{"damage":17,"enemies":"3 Sentries","floor":7,"turns":9},{"damage":25,"enemies":"Lagavulin","floor":10,"turns":9},{"damage":0,"enemies":"Lots of Slimes","floor":11,"turns":2},{"damage":0,"enemies":"2 Fungi Beasts","floor":12,"turns":2},{"damage":5,"enemies":"Exordium Wildlife","floor":14,"turns":5},{"damage":27,"enemies":"Slime Boss","floor":16,"turns":10},{"damage":11,"enemies":"Spheric Guardian","floor":18,"turns":5},{"damage":7,"enemies":"Shell Parasite","floor":20,"turns":5},{"damage":6,"enemies":"Slavers","floor":24,"turns":5},{"damage":0,"enemies":"Gremlin Leader","floor":27,"turns":4},{"damage":0,"enemies":"Book of Stabbing","floor":29,"turns":5},{"damage":39,"enemies":"Collector","floor":33,"turns":15},{"damage":1,"enemies":"Orb Walker","floor":35,"turns":4},{"damage":9,"enemies":"3 Darklings","floor":36,"turns":4},{"damage":0,"enemies":"Transient","floor":38,"turns":6},{"damage":5,"enemies":"Writhing Mass","floor":39,"turns":8},{"damage":0,"enemies":"Nemesis","floor":40,"turns":5},{"damage":0,"enemies":"Giant Head","floor":45,"turns":6},{"damage":1,"enemies":"Sphere and 2 Shapes","floor":46,"turns":5},{"damage":28,"enemies":"3 Darklings","floor":47,"turns":4},{"damage":5,"enemies":"Time Eater","floor":50,"turns":14},{"damage":11,"enemies":"Donu and Deca","floor":51,"turns":9},{"damage":9,"enemies":"Shield and Spear","floor":55,"turns":7},{"damage":47,"enemies":"The Heart","floor":56,"turns":11}],"seed_played":"3191277896001043001","potions_obtained":[{"floor":10,"key":"Fire Potion"},{"floor":11,"key":"GamblersBrew"},{"floor":16,"key":"Block Potion"},{"floor":20,"key":"FearPotion"},{"floor":27,"key":"Dexterity Potion"},{"floor":33,"key":"EssenceOfSteel"}],"is_trial":false,"path_per_floor":["M","M","$","?","M","R","E","R","T","E","M","M","R","M","R","B",null,"M","$","M","?","?","R","E","R","T","E","R","E","R","?","R","B",null,"M","M","?","M","M","E","R","$","T","R","E","M","M","?","R","B","B",null,"R","$","E","B",null],"character_chosen":"THE_SILENT","items_purchased":["Footwork","PiercingWail","Vajra","Footwork","Centennial Puzzle","Bouncing Flask","Riddle With Holes"],"campfire_rested":3,"item_purchase_floors":[3,19,19,42,42,42,54],"current_hp_per_floor":[57,57,57,57,56,56,39,39,39,14,14,14,14,9,28,1,50,39,39,32,32,32,32,33,33,33,33,33,43,43,19,45,6,68,67,58,58,58,53,53,53,53,53,53,53,52,24,42,42,37,26,73,88,88,79,41],"gold":56,"neow_bonus":"ONE_RARE_RELIC","is_prod":false,"is_daily":false,"chose_seed":false,"campfire_upgraded":9,"win_rate":0,"timestamp":1555284775,"path_taken":["M","M","$","?","M","R","E","R","T","E","M","M","R","M","R","BOSS","M","$","M","?","?","R","E","R","T","E","R","E","R","?","R","BOSS","M","M","?","?","M","E","R","$","T","R","E","M","M","?","R","BOSS","BOSS","R","$","E","BOSS"],"build_version":"2019-04-04","purchased_purges":2,"victory":true,"max_hp_per_floor":[66,66,66,66,66,66,66,66,66,66,66,66,66,66,66,66,66,66,66,66,66,66,66,73,73,73,73,73,83,83,88,88,88,88,88,88,88,88,88,88,88,88,88,88,88,88,88,88,88,88,88,88,88,88,88,88],"card_choices":[{"not_picked":["Blur","Tactician"],"picked":"Dagger Spray","floor":1},{"not_picked":["Slice","Sucker Punch"],"picked":"Dodge and Roll","floor":2},{"not_picked":["Outmaneuver","PiercingWail"],"picked":"Caltrops","floor":5},{"not_picked":["Sucker Punch","Deflect"],"picked":"Storm of Steel","floor":7},{"not_picked":["Outmaneuver","Flying Knee"],"picked":"Cloak And Dagger","floor":10},{"not_picked":["Bane","Terror"],"picked":"PiercingWail","floor":11},{"not_picked":["Underhanded Strike","Flying Knee"],"picked":"Leg Sweep","floor":12},{"not_picked":["Expertise","Acrobatics"],"picked":"Dash","floor":14},{"not_picked":["Storm of Steel","Unload"],"picked":"Wraith Form v2","floor":16},{"not_picked":["Underhanded Strike","Blade Dance","Dagger Throw"],"picked":"SKIP","floor":18},{"not_picked":["Bane","Sucker Punch","Deadly Poison"],"picked":"SKIP","floor":20},{"not_picked":["Flechettes","Grand Finale"],"picked":"Footwork","floor":24},{"not_picked":["Accuracy","Cloak And Dagger","Terror"],"picked":"SKIP","floor":27},{"not_picked":["Heel Hook","Escape Plan","Dagger Throw"],"picked":"SKIP","floor":29},{"not_picked":["Venomology","Grand Finale"],"picked":"Tools of the Trade","floor":33},{"not_picked":["Dagger Spray+1","Sucker Punch+1"],"picked":"Acrobatics+1","floor":35},{"not_picked":["Poisoned Stab","Dodge and Roll+1"],"picked":"Noxious Fumes","floor":36},{"not_picked":["Outmaneuver","Backstab+1","Tactician"],"picked":"SKIP","floor":38},{"not_picked":["Flying Knee","Outmaneuver+1","Setup+1"],"picked":"SKIP","floor":39},{"not_picked":["Eviscerate","Heel Hook+1"],"picked":"Leg Sweep","floor":40},{"not_picked":["Concentrate+1","Accuracy+1"],"picked":"Blur+1","floor":45},{"not_picked":["Terror","Setup+1"],"picked":"Predator","floor":46},{"not_picked":["Sucker Punch","Backstab+1"],"picked":"Dash","floor":47},{"not_picked":["All Out Attack","Flechettes"],"picked":"Envenom","floor":55}],"player_experience":5597501,"relics_obtained":[{"floor":7,"key":"Tiny Chest"},{"floor":9,"key":"PreservedInsect"},{"floor":10,"key":"Bag of Preparation"},{"floor":24,"key":"Strawberry"},{"floor":27,"key":"Mercury Hourglass"},{"floor":29,"key":"Pear"},{"floor":40,"key":"Shovel"},{"floor":43,"key":"Du-Vu Doll"},{"floor":45,"key":"Juzu Bracelet"},{"floor":55,"key":"Pantograph"}],"event_choices":[{"damage_healed":0,"gold_gain":0,"player_choice":"Ignored","damage_taken":0,"max_hp_gain":0,"max_hp_loss":0,"event_name":"Liars Game","floor":4,"gold_loss":0},{"damage_healed":0,"gold_gain":0,"player_choice":"Ignored","damage_taken":0,"max_hp_gain":0,"max_hp_loss":0,"event_name":"Vampires","floor":21,"gold_loss":0},{"damage_healed":0,"gold_gain":0,"player_choice":"Simplicity","damage_taken":0,"max_hp_gain":0,"max_hp_loss":0,"event_name":"Back to Basics","floor":22,"gold_loss":0,"cards_upgraded":["Defend_G","Defend_G","Defend_G","Defend_G","Defend_G","Strike_G","Strike_G","Strike_G","Strike_G"]},{"damage_healed":0,"gold_gain":0,"player_choice":"Shed Blood","damage_taken":29,"max_hp_gain":5,"max_hp_loss":0,"event_name":"Forgotten Altar","floor":31,"gold_loss":0},{"damage_healed":0,"gold_gain":0,"player_choice":"2 cards matched","damage_taken":0,"max_hp_gain":0,"max_hp_loss":0,"event_name":"Match and Keep!","floor":37,"gold_loss":0,"cards_obtained":["Bouncing Flask","Backflip"]},{"damage_healed":18,"gold_gain":0,"player_choice":"Writhe","damage_taken":0,"max_hp_gain":0,"max_hp_loss":0,"event_name":"Winding Halls","floor":48,"gold_loss":0,"cards_obtained":["Writhe"]}],"is_beta":true,"boss_relics":[{"not_picked":["Ring of the Serpent","Runic Pyramid"],"picked":"Snecko Eye"},{"not_picked":["Eternal Feather","Tiny House"],"picked":"Sozu"}],"items_purged_floors":[19,42],"is_endless":false,"potions_floor_spawned":[10,11,14,16,20,27,33,35,36,38],"ascension_level":20}