{"gold_per_floor":[115,115,115,133,152,192,192,232,287,308,308,329,329,367,367,462,462,481,504,554,160,183,183,199,234,246,296,308,320,350,395,407,513,525,551,576,602,635,663,675],"floor_reached":40,"playtime":3020,"items_purged":["Anger"],"score":1040,"play_id":"858f73e1-dc8f-4835-8e2c-b2ac119893b9","local_time":"20190419142447","is_ascension_mode":true,"campfire_choices":[{"data":"Bash","floor":7,"key":"SMITH"},{"data":"Perfected Strike","floor":11,"key":"SMITH"},{"data":"Perfected Strike","floor":13,"key":"SMITH"},{"data":"Rage","floor":15,"key":"SMITH"},{"data":"Feel No Pain","floor":23,"key":"SMITH"},{"floor":28,"key":"REST"},{"data":"Perfected Strike","floor":32,"key":"SMITH"}],"neow_cost":"NONE","seed_source_timestamp":1068062830433,"circlet_count":0,"master_deck":["AscendersBane","Strike_R","Strike_R","Strike_R","Strike_R","Strike_R","Defend_R","Defend_R","Defend_R","Defend_R","Bash+1","Reckless Charge","Shrug It Off","Offering","Perfected Strike+1","Evolve","Perfected Strike+1","Rage+1","Reaper","Armaments+1","Feel No Pain+1","Feed","Perfected Strike+1","Clothesline+1","Limit Break"],"relics":["Burning Blood","Lantern","Matryoshka","Golden Idol","Ancient Tea Set","Blue Candle","Dream Catcher","Centennial Puzzle","Kunai","Snecko Eye","Singing Bowl","MawBank","The Courier","Self Forming Clay","Bottled Flame","Bronze Scales","Cursed Key"],"potions_floor_usage":[6,6,22,25,33,33,38],"damage_taken":[{"damage":10,"enemies":"2 Louse","floor":1,"turns":3},{"damage":0,"enemies":"Small Slimes","floor":4,"turns":3},{"damage":9,"enemies":"Jaw Worm","floor":5,"turns":3},{"damage":26,"enemies":"Gremlin Nob","floor":6,"turns":4},{"damage":28,"enemies":"Lagavulin","floor":8,"turns":7},{"damage":1,"enemies":"2 Fungi Beasts","floor":10,"turns":2},{"damage":9,"enemies":"Gremlin Gang","floor":12,"turns":4},{"damage":7,"enemies":"Gremlin Nob","floor":14,"turns":3},{"damage":19,"enemies":"Hexaghost","floor":16,"turns":8},{"damage":0,"enemies":"Chosen","floor":18,"turns":3},{"damage":7,"enemies":"2 Thieves","floor":19,"turns":3},{"damage":11,"enemies":"Cultist and Chosen","floor":22,"turns":8},{"damage":6,"enemies":"Snecko","floor":24,"turns":3},{"damage":24,"enemies":"Slavers","floor":25,"turns":4},{"damage":46,"enemies":"Book of Stabbing","floor":27,"turns":5},{"damage":15,"enemies":"Centurion and Healer","floor":30,"turns":2},{"damage":7,"enemies":"Gremlin Leader","floor":31,"turns":4},{"damage":14,"enemies":"Collector","floor":33,"turns":4},{"damage":11,"enemies":"Orb Walker","floor":35,"turns":2},{"damage":34,"enemies":"3 Darklings","floor":36,"turns":11},{"damage":7,"enemies":"Jaw Worm Horde","floor":37,"turns":4},{"damage":25,"enemies":"Writhing Mass","floor":38,"turns":5},{"damage":53,"enemies":"Transient","floor":39,"turns":6},{"damage":42,"enemies":"Nemesis","floor":40,"turns":3}],"seed_played":"-3423828966946315749","potions_obtained":[{"floor":4,"key":"SteroidPotion"},{"floor":5,"key":"Block Potion"},{"floor":12,"key":"BloodPotion"},{"floor":14,"key":"Ancient Potion"},{"floor":16,"key":"Energy Potion"},{"floor":22,"key":"Explosive Potion"},{"floor":27,"key":"SteroidPotion"},{"floor":33,"key":"Energy Potion"}],"is_trial":false,"path_per_floor":["M","?","?","M","M","E","R","E","T","M","R","M","R","E","R","B",null,"M","M","?","$","M","R","M","E","T","E","R","?","M","E","R","B",null,"M","M","M","M","M","E"],"character_chosen":"IRONCLAD","items_purchased":["Feel No Pain","Singing Bowl"],"campfire_rested":1,"item_purchase_floors":[21,21],"current_hp_per_floor":[64,59,59,65,62,42,42,20,20,25,25,22,22,21,21,8,53,63,67,61,61,61,61,66,56,56,24,48,48,55,66,66,76,81,82,59,71,58,19,0],"gold":675,"neow_bonus":"RANDOM_COMMON_RELIC","is_prod":false,"is_daily":false,"chose_seed":false,"campfire_upgraded":6,"win_rate":0,"timestamp":1555709087,"path_taken":["M","?","?","M","M","E","R","E","T","M","R","?","R","E","R","BOSS","M","M","?","$","?","R","M","E","T","E","R","?","M","E","R","BOSS","M","?","M","M","M","E"],"build_version":"2019-04-04","purchased_purges":1,"victory":false,"max_hp_per_floor":[75,75,68,68,68,68,68,68,68,68,68,68,68,68,68,68,68,68,68,68,68,70,70,70,73,73,75,77,77,81,83,83,83,83,89,94,99,105,107,107],"card_choices":[{"not_picked":["True Grit","Warcry"],"picked":"Reckless Charge","floor":1},{"not_picked":["Perfected Strike","Sword Boomerang"],"picked":"Shrug It Off","floor":4},{"not_picked":["Thunderclap","Disarm"],"picked":"Offering","floor":5},{"not_picked":["Reckless Charge","Body Slam"],"picked":"Perfected Strike","floor":6},{"not_picked":["Shrug It Off","Flex"],"picked":"Anger","floor":8},{"not_picked":["Barricade","Wild Strike"],"picked":"Evolve","floor":10},{"not_picked":["Headbutt","Seeing Red"],"picked":"Perfected Strike","floor":12},{"not_picked":["Sword Boomerang","Wild Strike"],"picked":"Rage","floor":14},{"not_picked":["Exhume","Brutality"],"picked":"Reaper","floor":16},{"not_picked":["Havoc+1","Anger"],"picked":"Armaments+1","floor":18},{"not_picked":["Intimidate","Havoc","Rampage"],"picked":"SKIP","floor":19},{"not_picked":["Iron Wave","Sentinel","Clash"],"picked":"Singing Bowl","floor":22},{"not_picked":["Thunderclap","Body Slam"],"picked":"Feed","floor":24},{"not_picked":["Warcry","Pommel Strike+1"],"picked":"Perfected Strike","floor":25},{"not_picked":["Bloodletting","Sword Boomerang","Berserk"],"picked":"Singing Bowl","floor":27},{"not_picked":["Carnage","Warcry","Rampage"],"picked":"Singing Bowl","floor":28},{"not_picked":["Bloodletting+1","Infernal Blade"],"picked":"Clothesline+1","floor":30},{"not_picked":["Combust","Brutality","Havoc"],"picked":"Singing Bowl","floor":31},{"not_picked":["Double Tap","Brutality"],"picked":"Limit Break","floor":33},{"not_picked":["Sever Soul","Reckless Charge","Flex+1"],"picked":"Singing Bowl","floor":35},{"not_picked":["Flex","Dropkick","Intimidate+1"],"picked":"Singing Bowl","floor":36},{"not_picked":["Wild Strike","Headbutt+1","Infernal Blade+1"],"picked":"Singing Bowl","floor":37},{"not_picked":["Burning Pact","Clothesline+1","Metallicize+1"],"picked":"Singing Bowl","floor":38},{"not_picked":["Pommel Strike","Heavy Blade","Burning Pact"],"picked":"Singing Bowl","floor":39}],"player_experience":5718345,"relics_obtained":[{"floor":6,"key":"Ancient Tea Set"},{"floor":8,"key":"Blue Candle"},{"floor":9,"key":"Dream Catcher"},{"floor":9,"key":"Centennial Puzzle"},{"floor":14,"key":"Kunai"},{"floor":25,"key":"MawBank"},{"floor":26,"key":"The Courier"},{"floor":26,"key":"Self Forming Clay"},{"floor":27,"key":"Bottled Flame"},{"floor":31,"key":"Bronze Scales"}],"event_choices":[{"damage_healed":0,"gold_gain":0,"player_choice":"Success","damage_taken":5,"relics_obtained":["Matryoshka"],"max_hp_gain":0,"max_hp_loss":0,"event_name":"Scrap Ooze","floor":2,"gold_loss":0},{"damage_healed":0,"gold_gain":0,"player_choice":"Lose Max HP","damage_taken":0,"relics_obtained":["Golden Idol"],"max_hp_gain":0,"max_hp_loss":7,"event_name":"Golden Idol","floor":3,"gold_loss":0},{"damage_healed":0,"gold_gain":50,"player_choice":"Touch","damage_taken":6,"max_hp_gain":0,"max_hp_loss":0,"event_name":"FaceTrader","floor":20,"gold_loss":0},{"damage_healed":0,"gold_gain":0,"player_choice":"Got Potions","damage_taken":0,"max_hp_gain":0,"max_hp_loss":0,"event_name":"Lab","floor":29,"gold_loss":0}],"is_beta":true,"boss_relics":[{"not_picked":["Pandora\u0027s Box","Runic Dome"],"picked":"Snecko Eye"},{"not_picked":["Philosopher\u0027s Stone","Runic Pyramid"],"picked":"Cursed Key"}],"items_purged_floors":[21],"is_endless":false,"potions_floor_spawned":[4,5,12,14,16,19,22,27,33],"killed_by":"Nemesis","ascension_level":20}