{"gold_per_floor":[13,33,33,48,68,68,94,94,94,7,7,7,7,37,37,111,111,131,131,56,70,90,122,156,191,191,191,203,215,215,229,229,308,308,319,319,541,551,563,589,689,706,731,731,577,591,626,671,671,671,671,671,671,30,63,63],"floor_reached":57,"playtime":6661,"items_purged":["Decay","Decay","Bite"],"score":3120,"play_id":"ee5e0720-bbea-4110-89dc-d61a12e0edf0","local_time":"20190411094707","is_ascension_mode":true,"campfire_choices":[{"data":"Zap","floor":6,"key":"SMITH"},{"data":"Consume","floor":8,"key":"SMITH"},{"floor":11,"key":"REST"},{"data":"Capacitor","floor":13,"key":"SMITH"},{"data":"Go for the Eyes","floor":15,"key":"SMITH"},{"data":"Static Discharge","floor":32,"key":"SMITH"},{"floor":49,"key":"RECALL"},{"data":"Go for the Eyes","floor":53,"key":"SMITH"}],"neow_cost":"NO_GOLD","seed_source_timestamp":64674014239261,"circlet_count":0,"master_deck":["AscendersBane","Defend_B","Defend_B+1","Defend_B","Zap+1","Dualcast","Coolheaded+1","Consume+1","Go for the Eyes+1","Doom and Gloom","Capacitor+1","Compile Driver","Seek+1","Fusion+1","Ghostly+1","Ghostly+1","Ghostly+1","Go for the Eyes+1","Hologram+1","Turbo+1","Coolheaded+1","Static Discharge+1","Coolheaded+1","Doom and Gloom","Bite","Bite","Bite","Bite","Redo+1","Amplify+1","Darkness+1","Coolheaded+1","Steam+1","Redo+1","Redo+1","Leap+1","Conserve Battery+1","Go for the Eyes","Heatsinks","Creative AI"],"relics":["Cracked Core","Dodecahedron","Sundial","Toxic Egg 2","Runic Pyramid","Strawberry","Red Mask","Symbiotic Virus","Mummified Hand","Cursed Key","Orichalcum","Torii","Blood Vial","Incense Burner","Medical Kit","Bag of Preparation","War Paint"],"potions_floor_usage":[7,7,24,40,56,56],"damage_taken":[{"damage":4,"enemies":"Small Slimes","floor":1,"turns":3},{"damage":0,"enemies":"Cultist","floor":2,"turns":3},{"damage":6,"enemies":"Jaw Worm","floor":4,"turns":4},{"damage":18,"enemies":"3 Louse","floor":5,"turns":5},{"damage":39,"enemies":"Gremlin Nob","floor":7,"turns":4},{"damage":10,"enemies":"Lagavulin","floor":14,"turns":7},{"damage":17,"enemies":"Hexaghost","floor":16,"turns":9},{"damage":22,"enemies":"Shell Parasite","floor":18,"turns":7},{"damage":0,"enemies":"Spheric Guardian","floor":21,"turns":7},{"damage":0,"enemies":"Snake Plant","floor":22,"turns":5},{"damage":0,"enemies":"Gremlin Leader","floor":23,"turns":9},{"damage":0,"enemies":"Masked Bandits","floor":24,"turns":4},{"damage":1,"enemies":"Slavers","floor":25,"turns":6},{"damage":0,"enemies":"Chosen and Byrds","floor":28,"turns":5},{"damage":0,"enemies":"Sentry and Sphere","floor":29,"turns":6},{"damage":0,"enemies":"Snecko","floor":31,"turns":5},{"damage":0,"enemies":"Automaton","floor":33,"turns":8},{"damage":0,"enemies":"Orb Walker","floor":35,"turns":4},{"damage":0,"enemies":"3 Shapes","floor":38,"turns":4},{"damage":0,"enemies":"Transient","floor":39,"turns":6},{"damage":19,"enemies":"Reptomancer","floor":40,"turns":9},{"damage":11,"enemies":"Mind Bloom Boss Battle","floor":41,"turns":9},{"damage":7,"enemies":"Writhing Mass","floor":42,"turns":6},{"damage":0,"enemies":"Maw","floor":46,"turns":5},{"damage":0,"enemies":"Nemesis","floor":47,"turns":5},{"damage":8,"enemies":"2 Orb Walkers","floor":48,"turns":4},{"damage":0,"enemies":"Awakened One","floor":50,"turns":11},{"damage":9,"enemies":"Donu and Deca","floor":51,"turns":15},{"damage":0,"enemies":"Shield and Spear","floor":55,"turns":14},{"damage":28,"enemies":"The Heart","floor":56,"turns":6}],"seed_played":"-5749566005976843199","potions_obtained":[{"floor":4,"key":"Fire Potion"},{"floor":5,"key":"EntropicBrew"},{"floor":16,"key":"Swift Potion"},{"floor":18,"key":"Block Potion"},{"floor":25,"key":"AttackPotion"},{"floor":40,"key":"Ancient Potion"}],"is_trial":false,"path_per_floor":["M","M","?","M","M","R","E","R","T","$","R","$","R","E","R","B",null,"M","?","$","M","M","E","?","E","T","T","M","M","?","M","R","B",null,"M","?","?","M","M","E","?","M","T","?","$","M","E","?","R","B","B",null,"R","$","E","B",null],"character_chosen":"DEFECT","items_purchased":["Capacitor","PowerPotion","Medical Kit","Bag of Preparation","Go for the Eyes","Heatsinks"],"campfire_rested":1,"item_purchase_floors":[10,45,54,54,54,54],"current_hp_per_floor":[74,74,74,68,50,50,11,11,11,11,36,36,36,26,26,9,66,44,42,42,42,42,49,49,48,48,48,48,48,34,34,34,34,34,34,32,32,32,32,27,32,32,32,32,32,32,32,30,30,32,32,32,32,32,32,15],"gold":63,"neow_bonus":"TWENTY_PERCENT_HP_BONUS","is_prod":false,"is_daily":false,"chose_seed":false,"campfire_upgraded":6,"win_rate":0,"timestamp":1555001227,"path_taken":["M","M","?","M","?","R","E","R","T","$","R","?","R","E","R","BOSS","M","?","$","M","M","E","?","E","T","?","M","M","?","?","R","BOSS","M","?","?","M","M","E","?","?","T","?","$","M","E","?","R","BOSS","BOSS","R","$","E","BOSS"],"build_version":"2019-04-04","purchased_purges":3,"victory":true,"max_hp_per_floor":[85,85,85,85,85,85,85,85,85,85,85,85,85,85,85,85,85,85,42,42,42,42,49,49,49,49,49,49,49,34,34,34,34,34,34,32,32,32,32,32,32,32,32,32,32,32,32,32,32,32,32,32,32,32,32,32],"card_choices":[{"not_picked":["Turbo","Heatsinks","Storm"],"picked":"SKIP","floor":1},{"not_picked":["Steam","Consume"],"picked":"Coolheaded","floor":2},{"not_picked":["Streamline","Hologram"],"picked":"Consume","floor":4},{"not_picked":["Turbo","Leap"],"picked":"Go for the Eyes","floor":5},{"not_picked":["FTL","Scrape"],"picked":"Doom and Gloom","floor":7},{"not_picked":["Gash","Sweeping Beam"],"picked":"Compile Driver","floor":14},{"not_picked":["Multi-Cast+1","Thunder Strike"],"picked":"Seek+1","floor":16},{"not_picked":["Sunder","Compile Driver"],"picked":"Fusion+1","floor":18},{"not_picked":["Leap+1","Gash"],"picked":"Go for the Eyes","floor":21},{"not_picked":["Hello World","Leap+1"],"picked":"Hologram+1","floor":22},{"not_picked":["Force Field+1","Doom and Gloom"],"picked":"Turbo+1","floor":23},{"not_picked":["Rebound+1","Compile Driver"],"picked":"Coolheaded+1","floor":24},{"not_picked":["Steam Power+1","Go for the Eyes"],"picked":"Static Discharge","floor":25},{"not_picked":["Reprogram+1","Tempest+1"],"picked":"Coolheaded+1","floor":28},{"not_picked":["Compile Driver","Machine Learning"],"picked":"Doom and Gloom","floor":29},{"not_picked":["Steam+1","Barrage"],"picked":"Redo+1","floor":31},{"not_picked":["Machine Learning","Creative AI"],"picked":"Amplify+1","floor":33},{"not_picked":["Cold Snap","Go for the Eyes+1"],"picked":"Darkness+1","floor":35},{"not_picked":["Go for the Eyes","Beam Cell"],"picked":"Coolheaded+1","floor":38},{"not_picked":["Cold Snap+1","Gash+1"],"picked":"Steam+1","floor":39},{"not_picked":["Sweeping Beam","Beam Cell+1","Static Discharge"],"picked":"SKIP","floor":40},{"not_picked":["Storm","Hyperbeam"],"picked":"Redo+1","floor":41},{"not_picked":["Rip and Tear","Streamline"],"picked":"Redo+1","floor":42},{"not_picked":["Turbo+1","Go for the Eyes","Doom and Gloom+1"],"picked":"SKIP","floor":46},{"not_picked":["Leap+1","Compile Driver","Skim+1"],"picked":"SKIP","floor":47},{"not_picked":["Compile Driver","Skim+1"],"picked":"Leap+1","floor":47},{"not_picked":["Skim+1","Go for the Eyes"],"picked":"Conserve Battery+1","floor":48},{"not_picked":["Steam Power+1","Beam Cell"],"picked":"Creative AI","floor":55}],"player_experience":5528487,"relics_obtained":[{"floor":7,"key":"Dodecahedron"},{"floor":9,"key":"Sundial"},{"floor":14,"key":"Toxic Egg 2"},{"floor":23,"key":"Strawberry"},{"floor":24,"key":"Red Mask"},{"floor":26,"key":"Symbiotic Virus"},{"floor":27,"key":"Mummified Hand"},{"floor":40,"key":"Orichalcum"},{"floor":41,"key":"Torii"},{"floor":47,"key":"Blood Vial"},{"floor":48,"key":"Incense Burner"},{"floor":55,"key":"War Paint"}],"event_choices":[{"damage_healed":0,"gold_gain":0,"player_choice":"Cursed","damage_taken":0,"max_hp_gain":0,"max_hp_loss":0,"event_name":"Wheel of Change","floor":3,"gold_loss":0,"cards_obtained":["Decay"]},{"damage_healed":0,"gold_gain":0,"player_choice":"Became a Ghost","damage_taken":0,"max_hp_gain":0,"max_hp_loss":43,"event_name":"Ghosts","floor":19,"gold_loss":0,"cards_obtained":["Ghostly","Ghostly","Ghostly"]},{"damage_healed":0,"gold_gain":0,"player_choice":"Fought Bandits","damage_taken":0,"max_hp_gain":0,"max_hp_loss":0,"event_name":"Masked Bandits","floor":24,"gold_loss":0},{"damage_healed":0,"gold_gain":0,"player_choice":"Became a vampire","damage_taken":0,"max_hp_gain":0,"max_hp_loss":15,"event_name":"Vampires","floor":30,"gold_loss":0,"cards_obtained":["Bite","Bite","Bite","Bite","Bite"]},{"damage_healed":0,"gold_gain":0,"player_choice":"Max HP","damage_taken":0,"max_hp_gain":0,"max_hp_loss":2,"event_name":"Winding Halls","floor":36,"gold_loss":0},{"damage_healed":0,"gold_gain":222,"player_choice":"Wore Mask","damage_taken":0,"max_hp_gain":0,"max_hp_loss":0,"event_name":"Tomb of Lord Red Mask","floor":37,"gold_loss":0},{"damage_healed":0,"gold_gain":0,"player_choice":"Fight","damage_taken":0,"max_hp_gain":0,"max_hp_loss":0,"event_name":"MindBloom","floor":41,"gold_loss":0},{"cards_removed":["Defend_B"],"damage_healed":0,"gold_gain":0,"player_choice":"Removed Skill","damage_taken":0,"max_hp_gain":0,"max_hp_loss":0,"event_name":"Falling","floor":44,"gold_loss":0},{"damage_healed":0,"gold_gain":0,"player_choice":"Fight","damage_taken":0,"max_hp_gain":0,"max_hp_loss":0,"event_name":"Mysterious Sphere","floor":48,"gold_loss":0}],"is_beta":true,"boss_relics":[{"not_picked":["Nuclear Battery","Runic Dome"],"picked":"Runic Pyramid"},{"not_picked":["Astrolabe","Busted Crown"],"picked":"Cursed Key"}],"items_purged_floors":[20,45,54],"is_endless":false,"potions_floor_spawned":[4,5,16,18,21,25,31,35,39,40,46],"ascension_level":20}