{"gold_per_floor":[115,130,130,205,170,170,201,201,201,201,201,213,232,259,259,336,336,353,353,371,388,413,413,428,458,458,458,472,506,506,0,0,78,78,88,88,88,99,42,77,77,77],"floor_reached":42,"playtime":2796,"items_purged":["Writhe"],"score":1044,"play_id":"01b99bb2-adeb-4eba-9a84-35206409bdaa","local_time":"20190421000737","is_ascension_mode":true,"campfire_choices":[{"data":"Barrage","floor":6,"key":"SMITH"},{"data":"Hologram","floor":8,"key":"SMITH"},{"floor":10,"key":"REST"},{"data":"Undo","floor":15,"key":"SMITH"},{"floor":23,"key":"REST"},{"floor":27,"key":"REST"},{"floor":30,"key":"REST"},{"floor":32,"key":"REST"},{"floor":41,"key":"REST"}],"neow_cost":"NONE","seed_source_timestamp":122601860214065,"circlet_count":0,"master_deck":["AscendersBane","Strike_B","Strike_B","Strike_B","Strike_B","Defend_B","Defend_B","Defend_B","Defend_B","Dualcast","Barrage+1","Hologram+1","Sweeping Beam","Cold Snap","Undo+1","Core Surge","Chill","Pain","Doom and Gloom","Creative AI","Coolheaded","Consume","Capacitor","Genetic Algorithm","Sunder+1"],"special_seed":0,"relics":["Cracked Core","Oddly Smooth Stone","Dodecahedron","Bronze Scales","Cursed Key","WarpedTongs","Red Mask","Blue Candle","Vajra","DataDisk","Medical Kit","Snecko Eye","Bag of Preparation"],"potions_floor_usage":[7,16,18,21,25,29,33,40,40,42],"damage_taken":[{"damage":3,"enemies":"2 Louse","floor":1,"turns":2},{"damage":0,"enemies":"Cultist","floor":2,"turns":3},{"damage":50,"enemies":"3 Sentries","floor":7,"turns":10},{"damage":6,"enemies":"Jaw Worm","floor":12,"turns":2},{"damage":8,"enemies":"3 Louse","floor":13,"turns":2},{"damage":11,"enemies":"Lagavulin","floor":14,"turns":8},{"damage":0,"enemies":"The Guardian","floor":16,"turns":12},{"damage":0,"enemies":"2 Thieves","floor":18,"turns":3},{"damage":11,"enemies":"3 Byrds","floor":20,"turns":4},{"damage":10,"enemies":"3 Cultists","floor":21,"turns":5},{"damage":25,"enemies":"Masked Bandits","floor":22,"turns":4},{"damage":8,"enemies":"Shelled Parasite and Fungi","floor":24,"turns":10},{"damage":18,"enemies":"Slavers","floor":25,"turns":5},{"damage":8,"enemies":"Centurion and Healer","floor":28,"turns":9},{"damage":18,"enemies":"Book of Stabbing","floor":29,"turns":7},{"damage":49,"enemies":"Collector","floor":33,"turns":12},{"damage":4,"enemies":"Orb Walker","floor":35,"turns":4},{"damage":33,"enemies":"3 Darklings","floor":38,"turns":4},{"damage":14,"enemies":"Nemesis","floor":40,"turns":11},{"damage":63,"enemies":"Giant Head","floor":42,"turns":7}],"seed_played":"-681728417412994041","potions_obtained":[{"floor":1,"key":"Regen Potion"},{"floor":2,"key":"Ancient Potion"},{"floor":11,"key":"Explosive Potion"},{"floor":13,"key":"PowerPotion"},{"floor":20,"key":"Regen Potion"},{"floor":21,"key":"SneckoOil"},{"floor":25,"key":"Dexterity Potion"},{"floor":29,"key":"Ancient Potion"},{"floor":38,"key":"Dexterity Potion"},{"floor":40,"key":"Regen Potion"}],"is_trial":false,"path_per_floor":["M","M","?","?","?","R","E","R","T","R","?","M","M","E","R","B",null,"M","?","M","M","?","R","M","E","T","R","M","E","R","$","R","B",null,"M","?","?","M","$","E","R","E"],"character_chosen":"DEFECT","items_purchased":["DataDisk","Capacitor","Medical Kit","Swift Potion"],"campfire_rested":6,"item_purchase_floors":[31,31,31,39],"current_hp_per_floor":[61,61,61,50,67,67,32,32,32,53,53,47,39,28,28,28,60,60,60,49,53,28,49,41,23,23,44,36,18,39,39,60,11,56,52,52,52,19,19,5,25,0],"gold":77,"neow_bonus":"UPGRADE_CARD","is_prod":false,"is_daily":false,"chose_seed":false,"campfire_upgraded":3,"win_rate":0,"timestamp":1555830457,"path_taken":["M","M","?","?","?","R","E","R","T","R","?","M","?","E","R","BOSS","M","?","M","?","?","R","M","E","T","R","M","E","R","?","R","BOSS","M","?","?","M","$","E","R","E"],"build_version":"2019-04-20","purchased_purges":1,"victory":false,"max_hp_per_floor":[71,71,71,71,71,71,71,71,71,71,71,71,71,71,71,71,71,71,71,71,71,71,71,71,71,71,71,71,71,71,71,71,71,71,71,67,67,67,67,67,67,67],"card_choices":[{"not_picked":["Reprogram","Stack","Redo"],"picked":"SKIP","floor":1},{"not_picked":["BootSequence","Steam Power"],"picked":"Barrage","floor":2},{"not_picked":["Auto Shields","Hello World"],"picked":"Hologram","floor":7},{"not_picked":["Stack","Steam"],"picked":"Sweeping Beam","floor":12},{"not_picked":["Hologram","Redo"],"picked":"Cold Snap","floor":13},{"not_picked":["Compile Driver","Turbo"],"picked":"Undo","floor":14},{"not_picked":["Multi-Cast","Thunder Strike"],"picked":"Core Surge","floor":16},{"not_picked":["Turbo","Steam"],"picked":"Chill","floor":18},{"not_picked":["Ball Lightning","Barrage"],"picked":"Doom and Gloom","floor":20},{"not_picked":["Steam","Beam Cell"],"picked":"Creative AI","floor":21},{"not_picked":["Gash","Steam Power"],"picked":"Coolheaded","floor":24},{"not_picked":["Go for the Eyes","Gash"],"picked":"Consume","floor":25},{"not_picked":["Lockon","Stack","Barrage"],"picked":"SKIP","floor":28},{"not_picked":["Meteor Strike","Turbo","Storm"],"picked":"SKIP","floor":29},{"not_picked":["Leap+1","Streamline+1"],"picked":"Genetic Algorithm","floor":35},{"not_picked":["Consume","Beam Cell+1","Barrage"],"picked":"SKIP","floor":38},{"not_picked":["Conserve Battery","Hello World"],"picked":"Sunder+1","floor":40}],"player_experience":5752140,"relics_obtained":[{"floor":7,"key":"Oddly Smooth Stone"},{"floor":9,"key":"Dodecahedron"},{"floor":14,"key":"Bronze Scales"},{"floor":22,"key":"Red Mask"},{"floor":25,"key":"Blue Candle"},{"floor":29,"key":"Vajra"},{"floor":40,"key":"Bag of Preparation"}],"event_choices":[{"damage_healed":0,"gold_gain":0,"player_choice":"Ignored","damage_taken":0,"max_hp_gain":0,"max_hp_loss":0,"event_name":"Liars Game","floor":3,"gold_loss":0},{"damage_healed":0,"gold_gain":75,"player_choice":"Gather Gold","damage_taken":11,"max_hp_gain":0,"max_hp_loss":0,"event_name":"World of Goop","floor":4,"gold_loss":0},{"damage_healed":17,"gold_gain":0,"player_choice":"Healed","damage_taken":0,"max_hp_gain":0,"max_hp_loss":0,"event_name":"The Cleric","floor":5,"gold_loss":35},{"damage_healed":0,"gold_gain":0,"player_choice":"Got Potions","damage_taken":0,"max_hp_gain":0,"max_hp_loss":0,"event_name":"Lab","floor":11,"gold_loss":0},{"damage_healed":0,"gold_gain":0,"player_choice":"Rummage","damage_taken":0,"relics_obtained":["WarpedTongs"],"max_hp_gain":0,"max_hp_loss":0,"event_name":"Accursed Blacksmith","floor":19,"gold_loss":0,"cards_obtained":["Pain"]},{"damage_healed":0,"gold_gain":0,"player_choice":"Fought Bandits","damage_taken":0,"max_hp_gain":0,"max_hp_loss":0,"event_name":"Masked Bandits","floor":22,"gold_loss":0},{"damage_healed":0,"gold_gain":0,"player_choice":"Max HP","damage_taken":0,"max_hp_gain":0,"max_hp_loss":4,"event_name":"Winding Halls","floor":36,"gold_loss":0},{"cards_removed":["Zap"],"damage_healed":0,"gold_gain":0,"player_choice":"Removed Skill","damage_taken":0,"max_hp_gain":0,"max_hp_loss":0,"event_name":"Falling","floor":37,"gold_loss":0}],"is_beta":true,"boss_relics":[{"not_picked":["White Beast Statue","Orrery"],"picked":"Cursed Key"},{"not_picked":["Philosopher\u0027s Stone","Tiny House"],"picked":"Snecko Eye"}],"items_purged_floors":[31],"is_endless":false,"potions_floor_spawned":[1,2,13,20,21,25,29,38,40],"killed_by":"Giant Head","ascension_level":20}