{"gold_per_floor":[110,185,202,214,48,48,76,76,76,110,110,129,129,139,139,211,211,226,326,326,35,48,78,78,103,172,200,200,200,226,236,266,337,337,351,370,19,19,35,70,97,131,177,195,195,221,246,256,256,256,256,256,256,4,34,34],"floor_reached":56,"playtime":6622,"items_purged":["Strike_R"],"score":2212,"play_id":"0d6eb9a0-257b-475e-baf3-2531bdc1c8ce","local_time":"20190420170454","is_ascension_mode":true,"campfire_choices":[{"data":"Combust","floor":6,"key":"SMITH"},{"floor":8,"key":"REST"},{"data":"Shrug It Off","floor":11,"key":"SMITH"},{"data":"True Grit","floor":15,"key":"SMITH"},{"floor":24,"key":"REST"},{"floor":28,"key":"DIG"},{"floor":32,"key":"DIG"},{"floor":45,"key":"DIG"},{"floor":49,"key":"RECALL"},{"floor":53,"key":"DIG"}],"neow_cost":"NONE","seed_source_timestamp":93483424911359,"circlet_count":0,"master_deck":["AscendersBane","Strike_R+1","Strike_R","Defend_R","Defend_R","Defend_R","Defend_R","Bash","Shrug It Off+1","Headbutt+1","Reaper","Combust+1","Impervious","Reckless Charge","Rupture","Evolve","Fiend Fire","True Grit+1","Offering","Shrug It Off","Shockwave","Feel No Pain","Shrug It Off","Metallicize+1","Corruption+1","J.A.X.","Juggernaut+1","True Grit+1","Sword Boomerang","Inflame+1","Sword Boomerang+1","Double Tap","Dual Wield","Dual Wield","Seeing Red","Corruption+1"],"relics":["Burning Blood","Shuriken","Ancient Tea Set","Vajra","Fusion Hammer","Shovel","Letter Opener","Frozen Egg 2","Bottled Lightning","The Courier","Meat on the Bone","Whetstone","Singing Bowl","Tiny Chest","Runic Pyramid","Membership Card","Oddly Smooth Stone","WingedGreaves","Calipers","Bag of Marbles","Prayer Wheel","Bird Faced Urn","Bag of Preparation","Happy Flower","Bottled Tornado","Champion Belt","Mummified Hand"],"potions_floor_usage":[7,19,19,23,23,51,55,56,56],"damage_taken":[{"damage":13,"enemies":"Small Slimes","floor":1,"turns":5},{"damage":11,"enemies":"Jaw Worm","floor":3,"turns":6},{"damage":1,"enemies":"Cultist","floor":4,"turns":4},{"damage":31,"enemies":"Lagavulin","floor":7,"turns":7},{"damage":24,"enemies":"3 Sentries","floor":10,"turns":5},{"damage":12,"enemies":"2 Fungi Beasts","floor":12,"turns":4},{"damage":12,"enemies":"Exordium Wildlife","floor":14,"turns":5},{"damage":39,"enemies":"Slime Boss","floor":16,"turns":5},{"damage":14,"enemies":"Shell Parasite","floor":18,"turns":5},{"damage":32,"enemies":"Colosseum Slavers","floor":19,"turns":6},{"damage":35,"enemies":"Colosseum Nobs","floor":19,"turns":4},{"damage":18,"enemies":"Spheric Guardian","floor":22,"turns":4},{"damage":28,"enemies":"Slavers","floor":23,"turns":8},{"damage":19,"enemies":"Gremlin Leader","floor":25,"turns":5},{"damage":29,"enemies":"Book of Stabbing","floor":27,"turns":7},{"damage":45,"enemies":"Gremlin Leader","floor":30,"turns":7},{"damage":14,"enemies":"Centurion and Healer","floor":31,"turns":6},{"damage":96,"enemies":"Automaton","floor":33,"turns":10},{"damage":6,"enemies":"3 Shapes","floor":35,"turns":4},{"damage":12,"enemies":"3 Darklings","floor":36,"turns":4},{"damage":14,"enemies":"Maw","floor":39,"turns":6},{"damage":17,"enemies":"Giant Head","floor":40,"turns":7},{"damage":39,"enemies":"Nemesis","floor":41,"turns":7},{"damage":15,"enemies":"Giant Head","floor":42,"turns":7},{"damage":25,"enemies":"Writhing Mass","floor":44,"turns":6},{"damage":46,"enemies":"Reptomancer","floor":46,"turns":6},{"damage":29,"enemies":"Giant Head","floor":47,"turns":5},{"damage":11,"enemies":"4 Shapes","floor":48,"turns":4},{"damage":30,"enemies":"Donu and Deca","floor":50,"turns":7},{"damage":100,"enemies":"Awakened One","floor":51,"turns":12},{"damage":113,"enemies":"Shield and Spear","floor":55,"turns":9},{"damage":73,"enemies":"The Heart","floor":56,"turns":6}],"seed_played":"-1175656830747673563","potions_obtained":[{"floor":4,"key":"Energy Potion"},{"floor":10,"key":"LiquidBronze"},{"floor":12,"key":"Explosive Potion"},{"floor":18,"key":"PowerPotion"},{"floor":19,"key":"EssenceOfSteel"},{"floor":23,"key":"Block Potion"},{"floor":25,"key":"BloodPotion"},{"floor":35,"key":"EssenceOfSteel"},{"floor":46,"key":"Ancient Potion"},{"floor":47,"key":"PowerPotion"},{"floor":55,"key":"Regen Potion"}],"is_trial":false,"path_per_floor":["M","?","M","M","$","R","E","R","T","E","R","M","?","M","R","B",null,"M","?","?","$","M","E","R","E","T","E","R","?","E","M","R","B",null,"M","M","$","?","M","E","E","E","T","M","R","E","E","M","R","B","B",null,"R","$","E","B"],"character_chosen":"IRONCLAD","items_purchased":["Combust","Impervious","Shockwave","Feel No Pain","SkillPotion","Membership Card","Oddly Smooth Stone","WingedGreaves","Dual Wield","Champion Belt","Dual Wield","Seeing Red","Dexterity Potion"],"campfire_rested":2,"item_purchase_floors":[5,5,21,21,21,37,37,37,54,54,54,54,54],"current_hp_per_floor":[68,57,52,57,57,57,36,60,60,54,54,58,58,62,62,29,69,76,33,33,33,28,21,45,72,72,54,54,54,73,86,86,43,75,88,90,90,86,86,96,79,98,98,96,96,102,102,106,106,106,44,91,91,91,23,0],"gold":34,"neow_bonus":"TEN_PERCENT_HP_BONUS","is_prod":false,"is_daily":false,"chose_seed":false,"campfire_upgraded":3,"win_rate":0,"timestamp":1555805094,"path_taken":["M","?","M","M","$","R","E","R","T","E","R","M","?","M","R","BOSS","M","?","?","$","?","E","R","E","T","E","R","?","E","M","R","BOSS","M","M","$","?","M","E","E","E","T","M","R","E","E","M","R","BOSS","BOSS","R","$","E","BOSS"],"build_version":"2019-04-20","purchased_purges":1,"victory":false,"max_hp_per_floor":[82,82,82,82,82,82,82,82,82,82,82,82,82,82,82,82,82,82,82,82,82,82,82,82,82,82,82,82,82,84,86,86,86,86,88,90,90,96,96,96,96,98,98,102,102,102,102,106,106,106,106,106,106,106,106,106],"card_choices":[{"not_picked":["Pummel","Armaments"],"picked":"Shrug It Off","floor":1},{"not_picked":["Shrug It Off","True Grit"],"picked":"Headbutt","floor":3},{"not_picked":["Armaments","Perfected Strike"],"picked":"Reaper","floor":4},{"not_picked":["Infernal Blade","Sword Boomerang"],"picked":"Reckless Charge","floor":7},{"not_picked":["Body Slam","Ghostly Armor"],"picked":"Rupture","floor":10},{"not_picked":["Second Wind","Perfected Strike"],"picked":"Evolve","floor":12},{"not_picked":["Combust","Heavy Blade"],"picked":"True Grit","floor":14},{"not_picked":["Impervious","Barricade"],"picked":"Offering","floor":16},{"not_picked":["Body Slam","Flex","Heavy Blade"],"picked":"SKIP","floor":18},{"not_picked":["Anger","Havoc"],"picked":"Shrug It Off","floor":19},{"not_picked":["Heavy Blade","Entrench"],"picked":"Shrug It Off","floor":22},{"not_picked":["Fire Breathing","Cleave+1","Warcry"],"picked":"SKIP","floor":23},{"not_picked":["Body Slam","Thunderclap"],"picked":"Metallicize+1","floor":25},{"not_picked":["Offering","Carnage"],"picked":"Corruption+1","floor":27},{"not_picked":["Entrench","True Grit","Metallicize+1"],"picked":"Singing Bowl","floor":30},{"not_picked":["Clothesline","Pommel Strike","Body Slam"],"picked":"Singing Bowl","floor":31},{"not_picked":["Exhume","Limit Break"],"picked":"Juggernaut+1","floor":33},{"not_picked":["Intimidate","Iron Wave","Clash+1"],"picked":"Singing Bowl","floor":35},{"not_picked":["Rampage","Wild Strike","Blood for Blood+1"],"picked":"Singing Bowl","floor":36},{"not_picked":["Jack Of All Trades","Bandage Up","Blind"],"picked":"Singing Bowl","floor":38},{"not_picked":["Blind","Good Instincts","Trip"],"picked":"Singing Bowl","floor":38},{"not_picked":["Trip","Panache+1","Madness"],"picked":"Singing Bowl","floor":38},{"not_picked":["Havoc","Blood for Blood"],"picked":"True Grit+1","floor":39},{"not_picked":["Cleave","Wild Strike"],"picked":"Sword Boomerang","floor":40},{"not_picked":["Cleave+1","Headbutt"],"picked":"Inflame+1","floor":41},{"not_picked":["Warcry","Pummel+1","Metallicize+1"],"picked":"Singing Bowl","floor":42},{"not_picked":["Evolve+1","Twin Strike","Heavy Blade"],"picked":"Singing Bowl","floor":44},{"not_picked":["Sword Boomerang+1","Sever Soul","Cleave"],"picked":"Singing Bowl","floor":44},{"not_picked":["Power Through","Clash"],"picked":"Sword Boomerang+1","floor":46},{"not_picked":["Rupture+1","Searing Blow+1"],"picked":"Double Tap","floor":47},{"not_picked":["Reckless Charge+1","Bloodletting","Carnage"],"picked":"Singing Bowl","floor":48},{"not_picked":["Flex","Perfected Strike+1","True Grit"],"picked":"Singing Bowl","floor":48},{"not_picked":["Sword Boomerang","Headbutt"],"picked":"Corruption+1","floor":55}],"player_experience":5736304,"relics_obtained":[{"floor":7,"key":"Shuriken"},{"floor":9,"key":"Ancient Tea Set"},{"floor":10,"key":"Vajra"},{"floor":19,"key":"Shovel"},{"floor":19,"key":"Letter Opener"},{"floor":23,"key":"Frozen Egg 2"},{"floor":25,"key":"Bottled Lightning"},{"floor":26,"key":"The Courier"},{"floor":27,"key":"Meat on the Bone"},{"floor":28,"key":"Whetstone"},{"floor":30,"key":"Singing Bowl"},{"floor":32,"key":"Tiny Chest"},{"floor":40,"key":"Calipers"},{"floor":41,"key":"Bag of Marbles"},{"floor":42,"key":"Prayer Wheel"},{"floor":45,"key":"Bird Faced Urn"},{"floor":46,"key":"Bag of Preparation"},{"floor":47,"key":"Happy Flower"},{"floor":53,"key":"Bottled Tornado"},{"floor":55,"key":"Mummified Hand"}],"event_choices":[{"damage_healed":0,"gold_gain":75,"player_choice":"Gather Gold","damage_taken":11,"max_hp_gain":0,"max_hp_loss":0,"event_name":"World of Goop","floor":2,"gold_loss":0},{"damage_healed":0,"gold_gain":0,"cards_transformed":["Strike_R"],"player_choice":"Change","damage_taken":0,"max_hp_gain":0,"max_hp_loss":0,"event_name":"Living Wall","floor":13,"gold_loss":0,"cards_obtained":["Fiend Fire"]},{"damage_healed":0,"gold_gain":0,"player_choice":"Fight","damage_taken":0,"max_hp_gain":0,"max_hp_loss":0,"event_name":"Colosseum","floor":19,"gold_loss":0},{"damage_healed":0,"gold_gain":0,"player_choice":"Fought Nobs","damage_taken":0,"max_hp_gain":0,"max_hp_loss":0,"event_name":"Colosseum","floor":19,"gold_loss":0},{"cards_removed":["Strike_R"],"damage_healed":0,"gold_gain":0,"player_choice":"Card Removal","damage_taken":0,"max_hp_gain":0,"max_hp_loss":0,"event_name":"Wheel of Change","floor":20,"gold_loss":0},{"damage_healed":0,"gold_gain":0,"player_choice":"Obtain J.A.X.","damage_taken":0,"max_hp_gain":0,"max_hp_loss":0,"event_name":"Drug Dealer","floor":29,"gold_loss":0,"cards_obtained":["J.A.X."]},{"damage_healed":0,"gold_gain":0,"player_choice":"Memory 3","damage_taken":10,"max_hp_gain":0,"max_hp_loss":0,"event_name":"SensoryStone","floor":38,"gold_loss":0}],"is_beta":true,"boss_relics":[{"not_picked":["Coffee Dripper","Black Star"],"picked":"Fusion Hammer"},{"not_picked":["Runic Cube","Black Blood"],"picked":"Runic Pyramid"}],"items_purged_floors":[21],"is_endless":false,"potions_floor_spawned":[4,10,12,16,18,19,23,25,30,35,36,46,47,48,55],"killed_by":"The Heart","ascension_level":20}