{"gold_per_floor":[109,109,34,50,66,66,99,118,118,132,132,145,180,197,197,271,271,282,462,475,1,17,43,58,92,92,109,109,143,160,160],"floor_reached":31,"playtime":2079,"items_purged":["Pain","Parasite"],"score":722,"play_id":"319df0c9-873c-4233-8f8a-6c1e2b59f3bf","local_time":"20190418150406","is_ascension_mode":true,"campfire_choices":[{"data":"Bash","floor":6,"key":"SMITH"},{"data":"Carnage","floor":11,"key":"SMITH"},{"data":"Whirlwind","floor":15,"key":"SMITH"}],"neow_cost":"CURSE","seed_source_timestamp":313142197123905,"circlet_count":0,"master_deck":["AscendersBane","Strike_R","Strike_R","Strike_R","Strike_R","Strike_R","Defend_R","Defend_R","Defend_R","Defend_R","Bash+1","Pummel","Rage","Thunderclap","Whirlwind+1","Carnage+1","Double Tap","Spot Weakness","Feed","True Grit","Shrug It Off","Clothesline+1","Offering","Corruption","Shrug It Off","Decay","Ghostly Armor","True Grit"],"relics":["Burning Blood","Pocketwatch","WarpedTongs","Bronze Scales","Orichalcum","Mercury Hourglass","Black Star","Sundial","Juzu Bracelet","Happy Flower","Pantograph","Potion Belt","Pen Nib","Question Card","Art of War"],"potions_floor_usage":[18,20,22,23,25,31],"damage_taken":[{"damage":10,"enemies":"2 Louse","floor":1,"turns":2},{"damage":0,"enemies":"Cultist","floor":4,"turns":3},{"damage":0,"enemies":"Small Slimes","floor":5,"turns":3},{"damage":28,"enemies":"3 Sentries","floor":7,"turns":9},{"damage":12,"enemies":"Red Slaver","floor":8,"turns":4},{"damage":0,"enemies":"Large Slime","floor":10,"turns":5},{"damage":0,"enemies":"Exordium Wildlife","floor":12,"turns":2},{"damage":19,"enemies":"Lagavulin","floor":13,"turns":5},{"damage":4,"enemies":"Exordium Thugs","floor":14,"turns":2},{"damage":0,"enemies":"Slime Boss","floor":16,"turns":4},{"damage":16,"enemies":"Shell Parasite","floor":18,"turns":4},{"damage":0,"enemies":"3 Byrds","floor":20,"turns":2},{"damage":3,"enemies":"Snecko","floor":22,"turns":3},{"damage":18,"enemies":"Gremlin Leader","floor":23,"turns":5},{"damage":12,"enemies":"Cultist and Chosen","floor":24,"turns":4},{"damage":41,"enemies":"Slavers","floor":25,"turns":4},{"damage":3,"enemies":"Centurion and Healer","floor":27,"turns":5},{"damage":7,"enemies":"Gremlin Leader","floor":29,"turns":3},{"damage":6,"enemies":"Snecko","floor":30,"turns":4},{"damage":18,"enemies":"Book of Stabbing","floor":31,"turns":3}],"seed_played":"-2001309826296382830","potions_obtained":[{"floor":5,"key":"BloodPotion"},{"floor":10,"key":"EssenceOfSteel"},{"floor":12,"key":"Energy Potion"},{"floor":22,"key":"Dexterity Potion"},{"floor":24,"key":"Ancient Potion"},{"floor":27,"key":"SpeedPotion"}],"is_trial":false,"path_per_floor":["M","?","$","M","M","R","E","M","T","M","R","M","E","M","R","B",null,"M","?","M","$","M","E","M","E","T","M","?","E","M","E"],"character_chosen":"IRONCLAD","items_purchased":["Fire Potion","Sundial","SkillPotion"],"campfire_rested":0,"item_purchase_floors":[21,21,21],"current_hp_per_floor":[64,64,64,70,75,75,53,47,47,53,53,59,46,48,48,54,70,63,42,51,51,58,46,43,12,12,18,18,17,17,0],"gold":160,"neow_bonus":"ONE_RARE_RELIC","is_prod":false,"is_daily":false,"chose_seed":false,"campfire_upgraded":3,"win_rate":0,"timestamp":1555625046,"path_taken":["M","?","$","?","?","R","E","M","T","?","R","M","E","M","R","BOSS","M","?","M","$","?","E","M","E","T","M","?","E","M","E"],"build_version":"2019-04-04","purchased_purges":2,"victory":false,"max_hp_per_floor":[75,75,75,75,75,75,75,75,75,75,75,75,75,75,75,75,75,78,78,81,78,82,82,85,89,89,92,92,92,92,92],"card_choices":[{"not_picked":["Havoc","Seeing Red"],"picked":"Pummel","floor":1},{"not_picked":["Body Slam","Wild Strike"],"picked":"Rage","floor":4},{"not_picked":["Entrench","Iron Wave"],"picked":"Thunderclap","floor":5},{"not_picked":["Combust","Thunderclap"],"picked":"Whirlwind","floor":7},{"not_picked":["Entrench","Twin Strike","Searing Blow"],"picked":"SKIP","floor":8},{"not_picked":["Clash","Reckless Charge"],"picked":"Carnage","floor":10},{"not_picked":["Perfected Strike","Combust"],"picked":"Double Tap","floor":12},{"not_picked":["Corruption","Sword Boomerang"],"picked":"Spot Weakness","floor":13},{"not_picked":["Havoc","Sentinel","Anger"],"picked":"SKIP","floor":14},{"not_picked":["Dark Embrace","Exhume"],"picked":"Feed","floor":16},{"not_picked":["Hemokinesis","Flex"],"picked":"True Grit","floor":18},{"not_picked":["Flex","Dropkick"],"picked":"Shrug It Off","floor":20},{"not_picked":["Body Slam","Anger+1"],"picked":"Clothesline+1","floor":22},{"not_picked":["Battle Trance","Perfected Strike"],"picked":"Offering","floor":23},{"not_picked":["Thunderclap+1","Cleave+1","Iron Wave"],"picked":"SKIP","floor":24},{"not_picked":["Sword Boomerang","Infernal Blade"],"picked":"Corruption","floor":25},{"not_picked":["Thunderclap","Flex"],"picked":"Shrug It Off","floor":27},{"not_picked":["Sever Soul","Ghostly Armor","Iron Wave"],"picked":"SKIP","floor":29},{"not_picked":["Sever Soul","Ghostly Armor","Iron Wave"],"picked":"SKIP","floor":29},{"not_picked":["Sever Soul","Iron Wave"],"picked":"Ghostly Armor","floor":29},{"not_picked":["Pommel Strike","Evolve","Bloodletting+1"],"picked":"True Grit","floor":30}],"player_experience":5686683,"relics_obtained":[{"floor":7,"key":"Bronze Scales"},{"floor":9,"key":"Orichalcum"},{"floor":13,"key":"Mercury Hourglass"},{"floor":23,"key":"Juzu Bracelet"},{"floor":23,"key":"Happy Flower"},{"floor":25,"key":"Pantograph"},{"floor":25,"key":"Potion Belt"},{"floor":26,"key":"Pen Nib"},{"floor":29,"key":"Question Card"},{"floor":29,"key":"Art of War"}],"event_choices":[{"damage_healed":0,"gold_gain":0,"player_choice":"Rummage","damage_taken":0,"relics_obtained":["WarpedTongs"],"max_hp_gain":0,"max_hp_loss":0,"event_name":"Accursed Blacksmith","floor":2,"gold_loss":0,"cards_obtained":["Pain"]},{"damage_healed":0,"gold_gain":180,"player_choice":"GOLD GOLD ","damage_taken":21,"max_hp_gain":0,"max_hp_loss":0,"event_name":"Knowing Skull","floor":19,"potions_obtained":[],"gold_loss":0,"cards_obtained":[]},{"damage_healed":0,"gold_gain":0,"player_choice":"Smashed Altar","damage_taken":0,"max_hp_gain":0,"max_hp_loss":0,"event_name":"Forgotten Altar","floor":28,"gold_loss":0,"cards_obtained":["Decay"]}],"is_beta":true,"boss_relics":[{"not_picked":["Runic Dome","Orrery"],"picked":"Black Star"}],"items_purged_floors":[3,21],"is_endless":false,"potions_floor_spawned":[5,10,12,16,22,24,27],"killed_by":"Book of Stabbing","ascension_level":20}