{"gold_per_floor":[116,127,12,12,28,28,59,59,59,77,77,77,111,111,111,188,188,207,54,54,54,66,91,91,118,118,129,129,9,19,19,19,95,95,105,105,10,29,44,77,77,103,129,144,179,196,210,229,229,229,229,229,229,11,44,44],"floor_reached":57,"playtime":6397,"items_purged":["Strike_B","Strike_B"],"score":2930,"play_id":"0bf35180-a2b2-499f-abec-7d9b5edeca1f","local_time":"20190416152520","is_ascension_mode":true,"campfire_choices":[{"data":"Zap","floor":6,"key":"SMITH"},{"data":"Sweeping Beam","floor":11,"key":"SMITH"},{"data":"Melter","floor":15,"key":"SMITH"},{"data":"Defragment","floor":24,"key":"SMITH"},{"data":"Biased Cognition","floor":32,"key":"SMITH"},{"data":"Capacitor","floor":41,"key":"SMITH"},{"floor":49,"key":"RECALL"},{"data":"Amplify","floor":53,"key":"SMITH"}],"neow_cost":"NONE","seed_source_timestamp":137276468776092,"circlet_count":0,"master_deck":["AscendersBane","Strike_B","Defend_B","Defend_B","Defend_B","Defend_B","Zap+1","Dualcast","Melter+1","Sweeping Beam+1","Glacier","Reboot","Capacitor+1","Genetic Algorithm","Hyperbeam","Hologram","Defragment+1","Biased Cognition+1","Conserve Battery","BootSequence","Self Repair+1","Gash","Fission","Loop+1","Glacier+1","Darkness+1","Static Discharge+1","Amplify+1","Defragment+1","Rebound","Coolheaded","Static Discharge+1","Redo","Loop+1"],"relics":["Cracked Core","Potion Belt","Thread and Needle","Incense Burner","Du-Vu Doll","Singing Bowl","Runic Pyramid","Shovel","Frozen Egg 2","Pantograph","Coffee Dripper","Boot","Bottled Tornado","Blue Candle","Letter Opener"],"potions_floor_usage":[18,18,23,25,25,33,42,51,51,51,51,55,56],"damage_taken":[{"damage":9,"enemies":"Jaw Worm","floor":1,"turns":4},{"damage":1,"enemies":"Cultist","floor":2,"turns":3},{"damage":0,"enemies":"2 Louse","floor":5,"turns":1},{"damage":8,"enemies":"3 Sentries","floor":7,"turns":10},{"damage":0,"enemies":"Red Slaver","floor":10,"turns":9},{"damage":2,"enemies":"Gremlin Nob","floor":13,"turns":4},{"damage":17,"enemies":"The Guardian","floor":16,"turns":13},{"damage":0,"enemies":"3 Byrds","floor":18,"turns":7},{"damage":0,"enemies":"Spheric Guardian","floor":22,"turns":2},{"damage":26,"enemies":"Gremlin Leader","floor":23,"turns":5},{"damage":26,"enemies":"Slavers","floor":25,"turns":7},{"damage":10,"enemies":"3 Cultists","floor":27,"turns":5},{"damage":0,"enemies":"Snecko","floor":30,"turns":12},{"damage":19,"enemies":"Champ","floor":33,"turns":14},{"damage":24,"enemies":"3 Darklings","floor":35,"turns":5},{"damage":0,"enemies":"3 Shapes","floor":38,"turns":4},{"damage":4,"enemies":"Jaw Worm Horde","floor":39,"turns":5},{"damage":1,"enemies":"Nemesis","floor":40,"turns":17},{"damage":0,"enemies":"Giant Head","floor":42,"turns":16},{"damage":0,"enemies":"Writhing Mass","floor":44,"turns":10},{"damage":0,"enemies":"Nemesis","floor":45,"turns":13},{"damage":1,"enemies":"4 Shapes","floor":46,"turns":12},{"damage":15,"enemies":"Transient","floor":47,"turns":6},{"damage":0,"enemies":"Maw","floor":48,"turns":7},{"damage":0,"enemies":"Time Eater","floor":50,"turns":9},{"damage":77,"enemies":"Awakened One","floor":51,"turns":13},{"damage":42,"enemies":"Shield and Spear","floor":55,"turns":13},{"damage":54,"enemies":"The Heart","floor":56,"turns":11}],"seed_played":"9111967143996113988","potions_obtained":[{"floor":1,"key":"FocusPotion"},{"floor":7,"key":"PowerPotion"},{"floor":10,"key":"Block Potion"},{"floor":14,"key":"Regen Potion"},{"floor":14,"key":"Block Potion"},{"floor":23,"key":"FocusPotion"},{"floor":27,"key":"Block Potion"},{"floor":35,"key":"Ancient Potion"},{"floor":45,"key":"Regen Potion"},{"floor":48,"key":"Weak Potion"},{"floor":55,"key":"Weak Potion"}],"is_trial":false,"path_per_floor":["M","M","$","?","M","R","E","?","T","M","R","?","E","?","R","B",null,"M","$","?","?","M","E","R","E","T","M","?","$","M","$","R","B",null,"M","?","$","M","M","E","R","E","T","M","E","M","M","M","R","B","B",null,"R","$","E","B",null],"character_chosen":"DEFECT","items_purchased":["Glacier","Poison Potion","Self Repair+1","Ancient Potion","Loop+1","PowerPotion","Block Potion","Coolheaded","Static Discharge+1","Redo"],"campfire_rested":0,"item_purchase_floors":[3,19,29,29,37,37,54,54,54,54],"current_hp_per_floor":[55,54,54,54,54,54,46,46,46,46,46,28,26,26,26,9,56,71,71,71,71,71,45,45,19,19,9,9,9,19,19,19,35,62,50,40,40,52,58,69,69,77,77,79,79,79,74,79,79,79,12,62,62,62,40,21],"gold":44,"neow_bonus":"RANDOM_COMMON_RELIC","is_prod":false,"is_daily":false,"chose_seed":false,"campfire_upgraded":7,"win_rate":0,"timestamp":1555453520,"path_taken":["M","M","$","?","M","R","E","?","T","?","R","?","E","?","R","BOSS","M","$","?","?","M","E","R","E","T","M","?","?","M","$","R","BOSS","M","?","$","M","?","E","R","E","T","M","E","M","M","M","R","BOSS","BOSS","R","$","E","BOSS"],"build_version":"2019-04-04","purchased_purges":2,"victory":true,"max_hp_per_floor":[71,71,71,71,71,71,71,71,71,71,71,71,71,71,71,71,71,71,71,71,71,71,71,71,71,71,71,71,71,71,71,71,71,71,73,73,73,75,75,77,77,77,77,79,79,79,79,79,79,79,79,79,79,79,79,79],"card_choices":[{"not_picked":["Redo","Conserve Battery"],"picked":"Melter","floor":1},{"not_picked":["Streamline","Barrage"],"picked":"Sweeping Beam","floor":2},{"not_picked":["Beam Cell","Stack"],"picked":"Reboot","floor":5},{"not_picked":["Compile Driver","Coolheaded"],"picked":"Capacitor","floor":7},{"not_picked":["Stack","Hello World","Reinforced Body"],"picked":"SKIP","floor":10},{"not_picked":["Sweeping Beam","Capacitor"],"picked":"Genetic Algorithm","floor":13},{"not_picked":["Rainbow","Reboot"],"picked":"Hyperbeam","floor":16},{"not_picked":["Rip and Tear","Sweeping Beam"],"picked":"Hologram","floor":18},{"not_picked":["Lockon","FTL"],"picked":"Defragment","floor":22},{"not_picked":["Redo","Rebound"],"picked":"Biased Cognition","floor":23},{"not_picked":["Hologram","Reinforced Body+1"],"picked":"Conserve Battery","floor":25},{"not_picked":["Sunder","Chaos"],"picked":"BootSequence","floor":27},{"not_picked":["Streamline","Compile Driver+1"],"picked":"Gash","floor":30},{"not_picked":["Multi-Cast","Rainbow"],"picked":"Fission","floor":33},{"not_picked":["Rebound","Cold Snap+1","Blizzard"],"picked":"Singing Bowl","floor":35},{"not_picked":["Beam Cell","Barrage","Leap"],"picked":"Singing Bowl","floor":38},{"not_picked":["Coolheaded","Darkness+1"],"picked":"Glacier+1","floor":39},{"not_picked":["Skim","Redo","White Noise"],"picked":"Singing Bowl","floor":40},{"not_picked":["Doom and Gloom","Steam Power"],"picked":"Darkness+1","floor":42},{"not_picked":["Gash","Rebound","Auto Shields"],"picked":"Singing Bowl","floor":44},{"not_picked":["Leap+1","Barrage"],"picked":"Static Discharge+1","floor":45},{"not_picked":["Stack+1","Chaos+1"],"picked":"Amplify","floor":46},{"not_picked":["Storm+1","Beam Cell+1"],"picked":"Defragment+1","floor":47},{"not_picked":["Rip and Tear","Double Energy"],"picked":"Rebound","floor":48},{"not_picked":["Hologram","Self Repair+1"],"picked":"Loop+1","floor":55}],"player_experience":5639254,"relics_obtained":[{"floor":7,"key":"Thread and Needle"},{"floor":9,"key":"Incense Burner"},{"floor":13,"key":"Singing Bowl"},{"floor":23,"key":"Shovel"},{"floor":25,"key":"Frozen Egg 2"},{"floor":26,"key":"Pantograph"},{"floor":40,"key":"Boot"},{"floor":42,"key":"Bottled Tornado"},{"floor":45,"key":"Blue Candle"},{"floor":55,"key":"Letter Opener"}],"event_choices":[{"damage_healed":0,"gold_gain":0,"player_choice":"Ignored","damage_taken":0,"max_hp_gain":0,"max_hp_loss":0,"event_name":"Liars Game","floor":4,"gold_loss":0},{"cards_removed":["Strike_B"],"damage_healed":0,"gold_gain":0,"player_choice":"Purged","damage_taken":0,"max_hp_gain":0,"max_hp_loss":0,"event_name":"Purifier","floor":8,"gold_loss":0},{"damage_healed":0,"gold_gain":0,"player_choice":"Success","damage_taken":18,"relics_obtained":["Du-Vu Doll"],"max_hp_gain":0,"max_hp_loss":0,"event_name":"Scrap Ooze","floor":12,"gold_loss":0},{"damage_healed":0,"gold_gain":0,"player_choice":"Got Potions","damage_taken":0,"max_hp_gain":0,"max_hp_loss":0,"event_name":"Lab","floor":14,"gold_loss":0},{"damage_healed":0,"gold_gain":0,"player_choice":"Ignored","damage_taken":0,"max_hp_gain":0,"max_hp_loss":0,"event_name":"Beggar","floor":20,"gold_loss":0},{"damage_healed":0,"gold_gain":0,"player_choice":"Ignored","damage_taken":0,"max_hp_gain":0,"max_hp_loss":0,"event_name":"Cursed Tome","floor":28,"gold_loss":0},{"damage_healed":0,"gold_gain":0,"player_choice":"Damaged","damage_taken":10,"max_hp_gain":0,"max_hp_loss":0,"event_name":"Wheel of Change","floor":36,"gold_loss":0}],"is_beta":true,"boss_relics":[{"not_picked":["Tiny House","Nuclear Battery"],"picked":"Runic Pyramid"},{"not_picked":["Philosopher\u0027s Stone","Fusion Hammer"],"picked":"Coffee Dripper"}],"items_purged_floors":[3,19],"is_endless":false,"potions_floor_spawned":[1,7,10,23,27,35,39,40,45,48,55],"ascension_level":20}