{"gold_per_floor":[116,191,208,219,239,239,271,271,297,330,347,378,378,378,378,455,455,470,28,47,65,85,115,135,135,160,189,189,200,226,141,141,212,212,222,322,334,352,400,400,429,429,429,444,477,402,402,414,414,414,414,414,414,30,65,65],"floor_reached":57,"playtime":5725,"items_purged":["Strike_R"],"score":2884,"play_id":"2ebacab4-9f09-4a27-b5ee-43ba55051246","local_time":"20190417145118","is_ascension_mode":true,"campfire_choices":[{"data":"Fiend Fire","floor":6,"key":"SMITH"},{"data":"Hemokinesis","floor":8,"key":"SMITH"},{"floor":15,"key":"REST"},{"floor":25,"key":"REST"},{"floor":28,"key":"REST"},{"data":"Uppercut","floor":32,"key":"SMITH"},{"data":"Inflame","floor":40,"key":"SMITH"},{"data":"Feel No Pain","floor":42,"key":"SMITH"},{"floor":47,"key":"RECALL"},{"data":"Metallicize","floor":49,"key":"SMITH"},{"floor":53,"key":"REST"}],"neow_cost":"TEN_PERCENT_HP_LOSS","seed_source_timestamp":222313767393915,"circlet_count":0,"master_deck":["AscendersBane","Strike_R","Strike_R","Defend_R","Defend_R+1","Defend_R","Defend_R+1","Bash","Fiend Fire+1","Iron Wave","Uppercut+1","Hemokinesis+1","Inflame+1","Metallicize+1","Feed","Seeing Red","Rage","Anger","Feel No Pain+1","Immolate","Flex+1","Warcry","Clothesline+1","Reaper","Entrench","Shrug It Off+1","Pummel+1","Armaments+1","Flame Barrier","Barricade","Dual Wield","Clothesline+1","Reaper","Master of Strategy","Combust"],"relics":["Burning Blood","Art of War","War Paint","Centennial Puzzle","Ancient Tea Set","Runic Pyramid","Bag of Preparation","OrangePellets","Bag of Marbles","Anchor","Vajra","Boot","Self Forming Clay","Runic Dome","Charon\u0027s Ashes","FossilizedHelix","Dream Catcher","Red Skull","Lantern"],"potions_floor_usage":[7,12,18,18,23,39,51,56,56],"damage_taken":[{"damage":14,"enemies":"Jaw Worm","floor":1,"turns":5},{"damage":14,"enemies":"2 Louse","floor":3,"turns":2},{"damage":0,"enemies":"Cultist","floor":4,"turns":2},{"damage":4,"enemies":"2 Fungi Beasts","floor":5,"turns":3},{"damage":21,"enemies":"Lagavulin","floor":7,"turns":5},{"damage":24,"enemies":"3 Sentries","floor":10,"turns":9},{"damage":3,"enemies":"3 Louse","floor":11,"turns":3},{"damage":2,"enemies":"Lagavulin","floor":12,"turns":2},{"damage":29,"enemies":"The Guardian","floor":16,"turns":12},{"damage":12,"enemies":"2 Thieves","floor":18,"turns":4},{"damage":19,"enemies":"Shell Parasite","floor":20,"turns":6},{"damage":2,"enemies":"Snecko","floor":21,"turns":2},{"damage":9,"enemies":"Centurion and Healer","floor":22,"turns":6},{"damage":48,"enemies":"Slavers","floor":23,"turns":7},{"damage":2,"enemies":"Chosen and Byrds","floor":24,"turns":3},{"damage":22,"enemies":"Book of Stabbing","floor":27,"turns":4},{"damage":0,"enemies":"3 Cultists","floor":29,"turns":4},{"damage":2,"enemies":"Gremlin Leader","floor":30,"turns":3},{"damage":24,"enemies":"Champ","floor":33,"turns":8},{"damage":2,"enemies":"Orb Walker","floor":35,"turns":3},{"damage":16,"enemies":"Mind Bloom Boss Battle","floor":36,"turns":6},{"damage":5,"enemies":"3 Darklings","floor":37,"turns":5},{"damage":5,"enemies":"4 Shapes","floor":38,"turns":6},{"damage":11,"enemies":"2 Orb Walkers","floor":39,"turns":5},{"damage":25,"enemies":"Giant Head","floor":41,"turns":6},{"damage":2,"enemies":"Maw","floor":44,"turns":5},{"damage":34,"enemies":"Nemesis","floor":45,"turns":7},{"damage":15,"enemies":"3 Darklings","floor":48,"turns":8},{"damage":110,"enemies":"Donu and Deca","floor":50,"turns":12},{"damage":97,"enemies":"Awakened One","floor":51,"turns":11},{"damage":83,"enemies":"Shield and Spear","floor":55,"turns":8},{"damage":76,"enemies":"The Heart","floor":56,"turns":14}],"seed_played":"-4275935795859333783","potions_obtained":[{"floor":3,"key":"Block Potion"},{"floor":4,"key":"SkillPotion"},{"floor":5,"key":"AttackPotion"},{"floor":10,"key":"SteroidPotion"},{"floor":12,"key":"Swift Potion"},{"floor":18,"key":"PowerPotion"},{"floor":23,"key":"LiquidBronze"},{"floor":33,"key":"Swift Potion"},{"floor":37,"key":"SpeedPotion"},{"floor":44,"key":"AttackPotion"},{"floor":48,"key":"Energy Potion"}],"is_trial":false,"path_per_floor":["M","?","M","M","M","R","E","R","T","E","M","E","?","?","R","B",null,"M","$","M","M","M","E","M","R","T","E","R","M","E","?","R","B",null,"M","?","M","M","?","R","E","R","T","M","E","$","R","M","R","B","B",null,"R","$","E","B",null],"character_chosen":"IRONCLAD","items_purchased":["Bag of Preparation","OrangePellets","SteroidPotion","Reaper","Master of Strategy","SkillPotion"],"campfire_rested":4,"item_purchase_floors":[19,19,19,54,54,54],"current_hp_per_floor":[60,49,41,47,49,49,34,34,34,16,19,23,16,16,36,13,54,51,51,41,48,48,9,16,41,41,28,54,63,70,70,70,52,84,98,101,104,107,105,105,104,104,104,112,100,100,100,119,119,91,24,104,130,130,53,7],"gold":65,"neow_bonus":"THREE_RARE_CARDS","is_prod":false,"is_daily":false,"chose_seed":false,"campfire_upgraded":6,"win_rate":0,"timestamp":1555537878,"path_taken":["M","?","M","M","M","R","E","R","T","E","M","E","?","?","R","BOSS","M","$","M","M","M","E","M","R","T","E","R","?","E","?","R","BOSS","M","?","M","M","?","R","E","R","T","M","E","$","R","M","R","BOSS","BOSS","R","$","E","BOSS"],"build_version":"2019-04-04","purchased_purges":1,"victory":true,"max_hp_per_floor":[68,68,68,68,68,68,68,68,68,68,68,68,68,68,68,68,68,71,71,74,77,80,83,86,86,86,89,89,92,95,95,95,95,95,98,101,104,107,110,110,110,110,110,114,118,118,118,122,122,126,130,130,130,130,130,130],"card_choices":[{"not_picked":["Demon Form","Impervious"],"picked":"Fiend Fire","floor":0},{"not_picked":["True Grit","Perfected Strike"],"picked":"Iron Wave","floor":1},{"not_picked":["Hemokinesis","Burning Pact"],"picked":"Uppercut","floor":3},{"not_picked":["Dual Wield","Evolve"],"picked":"Hemokinesis","floor":4},{"not_picked":["Clash","Warcry","Thunderclap"],"picked":"SKIP","floor":5},{"not_picked":["Dropkick","Thunderclap","Body Slam"],"picked":"SKIP","floor":7},{"not_picked":["Headbutt","Entrench"],"picked":"Inflame","floor":10},{"not_picked":["Cleave","Evolve"],"picked":"Metallicize","floor":11},{"not_picked":["Berserk","Body Slam","Heavy Blade"],"picked":"SKIP","floor":12},{"not_picked":["Limit Break","Brutality"],"picked":"Feed","floor":16},{"not_picked":["Second Wind","Warcry"],"picked":"Seeing Red","floor":18},{"not_picked":["Sword Boomerang","Iron Wave"],"picked":"Rage","floor":20},{"not_picked":["Pommel Strike","Sword Boomerang"],"picked":"Anger","floor":21},{"not_picked":["Sentinel","Clothesline"],"picked":"Feel No Pain","floor":22},{"not_picked":["Fire Breathing","Infernal Blade"],"picked":"Immolate","floor":23},{"not_picked":["Inflame","Body Slam"],"picked":"Flex+1","floor":24},{"not_picked":["Clothesline","Heavy Blade"],"picked":"Warcry","floor":27},{"not_picked":["Anger+1","Bludgeon","Thunderclap"],"picked":"SKIP","floor":29},{"not_picked":["Anger","Sword Boomerang"],"picked":"Clothesline+1","floor":30},{"not_picked":["Offering","Immolate"],"picked":"Reaper","floor":33},{"not_picked":["Perfected Strike","Metallicize","Havoc"],"picked":"SKIP","floor":35},{"not_picked":["Searing Blow","Power Through"],"picked":"Entrench","floor":36},{"not_picked":["Flex","Twin Strike"],"picked":"Shrug It Off+1","floor":37},{"not_picked":["Rage","Heavy Blade","Twin Strike"],"picked":"SKIP","floor":38},{"not_picked":["Bloodletting","Cleave"],"picked":"Pummel+1","floor":39},{"not_picked":["Power Through","Carnage"],"picked":"Armaments+1","floor":41},{"not_picked":["Evolve","Anger"],"picked":"Flame Barrier","floor":44},{"not_picked":["Clothesline","Bloodletting+1"],"picked":"Barricade","floor":45},{"not_picked":["Havoc+1","Perfected Strike"],"picked":"Dual Wield","floor":48},{"not_picked":["True Grit","Searing Blow"],"picked":"Clothesline+1","floor":53},{"not_picked":["Armaments+1","Wild Strike"],"picked":"Combust","floor":55}],"player_experience":5664980,"relics_obtained":[{"floor":7,"key":"Art of War"},{"floor":9,"key":"War Paint"},{"floor":10,"key":"Centennial Puzzle"},{"floor":12,"key":"Ancient Tea Set"},{"floor":23,"key":"Bag of Marbles"},{"floor":26,"key":"Anchor"},{"floor":27,"key":"Vajra"},{"floor":30,"key":"Boot"},{"floor":36,"key":"Charon\u0027s Ashes"},{"floor":39,"key":"FossilizedHelix"},{"floor":41,"key":"Dream Catcher"},{"floor":45,"key":"Red Skull"},{"floor":55,"key":"Lantern"}],"event_choices":[{"damage_healed":0,"gold_gain":75,"player_choice":"Gather Gold","damage_taken":11,"max_hp_gain":0,"max_hp_loss":0,"event_name":"World of Goop","floor":2,"gold_loss":0},{"cards_removed":["Strike_R"],"damage_healed":0,"gold_gain":0,"player_choice":"Card Removal","damage_taken":7,"max_hp_gain":0,"max_hp_loss":0,"event_name":"Golden Wing","floor":13,"gold_loss":0},{"cards_removed":["Strike_R"],"damage_healed":0,"gold_gain":0,"player_choice":"Offered Basic","damage_taken":0,"max_hp_gain":0,"max_hp_loss":0,"event_name":"Bonfire Elementals","floor":14,"gold_loss":0},{"damage_healed":0,"gold_gain":0,"player_choice":"Obtained Relic","damage_taken":0,"relics_obtained":["Self Forming Clay"],"max_hp_gain":0,"max_hp_loss":0,"event_name":"Addict","floor":31,"gold_loss":85},{"damage_healed":0,"gold_gain":0,"player_choice":"Fight","damage_taken":0,"max_hp_gain":0,"max_hp_loss":0,"event_name":"MindBloom","floor":36,"gold_loss":0},{"damage_healed":0,"gold_gain":0,"player_choice":"Fight","damage_taken":0,"max_hp_gain":0,"max_hp_loss":0,"event_name":"Mysterious Sphere","floor":39,"gold_loss":0}],"is_beta":true,"boss_relics":[{"not_picked":["Cursed Key","Busted Crown"],"picked":"Runic Pyramid"},{"not_picked":["Empty Cage","Pandora\u0027s Box"],"picked":"Runic Dome"}],"items_purged_floors":[46],"is_endless":false,"potions_floor_spawned":[3,4,5,10,12,18,22,23,29,33,35,37,44,45,48],"ascension_level":20}