{"gold_per_floor":[117,127,127,143,160,188,188,222,272,272,290,307,333,0,0,74,74,14,14,14,14,14,14,14,14,14,14,14,14,14,14,14,14],"floor_reached":33,"playtime":2854,"items_purged":[],"score":679,"play_id":"65a7e72e-3437-4608-b3ef-6175aa90b9aa","local_time":"20190420151429","is_ascension_mode":true,"campfire_choices":[{"data":"Zap","floor":7,"key":"SMITH"},{"data":"Hologram","floor":10,"key":"SMITH"},{"data":"Go for the Eyes","floor":15,"key":"SMITH"},{"floor":25,"key":"REST"},{"floor":27,"key":"REST"},{"data":"Self Repair","floor":32,"key":"SMITH"}],"neow_cost":"NONE","seed_source_timestamp":90616195558023,"circlet_count":0,"master_deck":["AscendersBane","Defend_B","Defend_B","Defend_B","Defend_B","Zap+1","Dualcast","Ball Lightning+1","Hologram+1","Decay","BootSequence","Glacier","Doom and Gloom","Hologram+1","Genetic Algorithm+1","Conserve Battery+1","Go for the Eyes+1","Echo Form","Rainbow+1","Coolheaded+1","Reprogram+1","Darkness+1","Meteor Strike","Self Repair+1","Bite","Bite","Bite","Bite","Bite"],"relics":["Cracked Core","Pear","Toxic Egg 2","Omamori","Whetstone","PreservedInsect","Ectoplasm","Kunai","Smiling Mask","DataDisk"],"potions_floor_usage":[5,6,8,16,22,28],"damage_taken":[{"damage":2,"enemies":"Cultist","floor":1,"turns":4},{"damage":2,"enemies":"Small Slimes","floor":2,"turns":3},{"damage":7,"enemies":"2 Louse","floor":4,"turns":3},{"damage":12,"enemies":"Exordium Thugs","floor":5,"turns":4},{"damage":14,"enemies":"3 Sentries","floor":6,"turns":8},{"damage":11,"enemies":"Gremlin Nob","floor":8,"turns":3},{"damage":0,"enemies":"Looter","floor":11,"turns":4},{"damage":5,"enemies":"Large Slime","floor":12,"turns":6},{"damage":6,"enemies":"Lagavulin","floor":13,"turns":6},{"damage":28,"enemies":"The Guardian","floor":16,"turns":12},{"damage":7,"enemies":"2 Thieves","floor":18,"turns":3},{"damage":0,"enemies":"Chosen","floor":19,"turns":5},{"damage":8,"enemies":"Snake Plant","floor":20,"turns":5},{"damage":15,"enemies":"Cultist and Chosen","floor":22,"turns":6},{"damage":50,"enemies":"Slavers","floor":23,"turns":4},{"damage":14,"enemies":"Sentry and Sphere","floor":24,"turns":6},{"damage":8,"enemies":"Gremlin Leader","floor":28,"turns":7},{"damage":2,"enemies":"Book of Stabbing","floor":30,"turns":5},{"damage":95,"enemies":"Champ","floor":33,"turns":16}],"seed_played":"-7975053612297786532","potions_obtained":[{"floor":0,"key":"GamblersBrew"},{"floor":0,"key":"SkillPotion"},{"floor":1,"key":"FearPotion"},{"floor":4,"key":"Fire Potion"},{"floor":5,"key":"Regen Potion"},{"floor":6,"key":"SpeedPotion"},{"floor":12,"key":"EssenceOfSteel"},{"floor":16,"key":"GamblersBrew"},{"floor":18,"key":"LiquidBronze"},{"floor":24,"key":"GamblersBrew"}],"is_trial":false,"path_per_floor":["M","M","?","M","M","E","R","E","T","R","M","M","E","$","R","B",null,"M","M","M","?","M","E","M","R","T","R","E","$","E","?","R","B"],"character_chosen":"DEFECT","items_purchased":["Echo Form","PreservedInsect"],"campfire_rested":2,"item_purchase_floors":[14,14],"current_hp_per_floor":[62,60,60,53,41,52,52,41,41,41,41,36,30,30,30,2,61,54,54,46,81,66,16,4,28,28,52,53,53,53,53,53,0],"gold":14,"neow_bonus":"THREE_SMALL_POTIONS","is_prod":false,"is_daily":false,"chose_seed":false,"campfire_upgraded":4,"win_rate":0,"timestamp":1555798469,"path_taken":["M","?","?","M","?","E","R","E","T","R","M","M","E","$","R","BOSS","M","?","M","?","M","E","M","R","T","R","E","?","E","?","R","BOSS"],"build_version":"2019-04-20","purchased_purges":0,"victory":false,"max_hp_per_floor":[71,71,71,71,71,81,81,81,81,81,81,81,81,81,81,81,81,81,81,81,81,81,81,81,81,81,81,81,81,81,81,81,81],"card_choices":[{"not_picked":["BootSequence","Beam Cell"],"picked":"Ball Lightning","floor":1},{"not_picked":["Compile Driver","Skim"],"picked":"Hologram","floor":2},{"not_picked":["Thunder Strike","Turbo"],"picked":"BootSequence","floor":4},{"not_picked":["Sweeping Beam","Barrage"],"picked":"Glacier","floor":5},{"not_picked":["Loop","Turbo"],"picked":"Doom and Gloom","floor":6},{"not_picked":["All For One","Hello World"],"picked":"Hologram","floor":8},{"not_picked":["Coolheaded+1","Redo+1"],"picked":"Genetic Algorithm+1","floor":11},{"not_picked":["Scrape","Steam+1"],"picked":"Conserve Battery+1","floor":12},{"not_picked":["Gash","Barrage"],"picked":"Go for the Eyes","floor":13},{"not_picked":["Meteor Strike","Thunder Strike"],"picked":"Rainbow+1","floor":16},{"not_picked":["Barrage","Blizzard"],"picked":"Coolheaded+1","floor":18},{"not_picked":["Reinforced Body+1","BootSequence+1","Rebound"],"picked":"SKIP","floor":19},{"not_picked":["Leap+1","Cold Snap"],"picked":"Reprogram+1","floor":20},{"not_picked":["Ball Lightning","Fusion+1"],"picked":"Darkness+1","floor":22},{"not_picked":["Ball Lightning","Melter"],"picked":"Meteor Strike","floor":23},{"not_picked":["Turbo+1","Stack+1"],"picked":"Self Repair","floor":24},{"not_picked":["Streamline","Redo+1","Sweeping Beam"],"picked":"SKIP","floor":28},{"not_picked":["Ball Lightning","Cold Snap","Chill+1"],"picked":"SKIP","floor":30}],"player_experience":5733450,"relics_obtained":[{"floor":6,"key":"Pear"},{"floor":8,"key":"Toxic Egg 2"},{"floor":9,"key":"Omamori"},{"floor":13,"key":"Whetstone"},{"floor":23,"key":"Blood Vial"},{"floor":26,"key":"Kunai"},{"floor":28,"key":"Smiling Mask"},{"floor":30,"key":"DataDisk"}],"event_choices":[{"damage_healed":0,"gold_gain":0,"player_choice":"Cursed","damage_taken":0,"max_hp_gain":0,"max_hp_loss":0,"event_name":"Wheel of Change","floor":3,"gold_loss":0,"cards_obtained":["Decay"]},{"damage_healed":35,"gold_gain":0,"player_choice":"Full Heal","damage_taken":0,"max_hp_gain":0,"max_hp_loss":0,"event_name":"Wheel of Change","floor":21,"gold_loss":0},{"damage_healed":0,"gold_gain":0,"player_choice":"Became a vampire (Vial)","damage_taken":0,"max_hp_gain":0,"max_hp_loss":0,"event_name":"Vampires","floor":31,"relics_lost":["Blood Vial"],"gold_loss":0,"cards_obtained":["Bite","Bite","Bite","Bite","Bite"]}],"is_beta":true,"boss_relics":[{"not_picked":["Runic Dome","Empty Cage"],"picked":"Ectoplasm"}],"items_purged_floors":[],"is_endless":false,"potions_floor_spawned":[1,4,5,6,12,16,18,24],"killed_by":"Champ","ascension_level":20}