{"gold_per_floor":[116,131,131,56,72,72,105,105,128,128,128,156,175,204,204,283,283,302,302,28,48,48,48,78,78,78,112,129,159,159,173,173,247,247,262,275,293,307,127,127,153,153,153,153,181,181,181,209,209,209,209,209,209,6,41,41],"floor_reached":57,"playtime":3538,"items_purged":["Strike_G","Strike_G"],"score":3603,"play_id":"d8cf0d6c-2350-49d7-9f4b-37208c62ba95","local_time":"20190415141626","is_ascension_mode":true,"campfire_choices":[{"data":"Neutralize","floor":6,"key":"SMITH"},{"data":"Bouncing Flask","floor":8,"key":"SMITH"},{"data":"Dagger Throw","floor":11,"key":"SMITH"},{"data":"Footwork","floor":15,"key":"SMITH"},{"floor":23,"key":"DIG"},{"floor":25,"key":"DIG"},{"floor":30,"key":"DIG"},{"floor":32,"key":"DIG"},{"floor":40,"key":"DIG"},{"floor":42,"key":"DIG"},{"floor":44,"key":"DIG"},{"floor":49,"key":"RECALL"},{"floor":53,"key":"DIG"}],"neow_cost":"NONE","seed_source_timestamp":49595320191015,"circlet_count":0,"master_deck":["AscendersBane","Defend_G+1","Defend_G+1","Defend_G+1","Defend_G+1","Defend_G+1","Strike_G+1","Strike_G+1","Strike_G+1","Survivor+1","Neutralize+1","Dagger Throw+1","Bouncing Flask+1","Dodge and Roll+1","Adrenaline+1","Dodge and Roll+1","Well Laid Plans+1","Footwork+1","Burst+1","Deadly Poison+1","Ghostly+1","Ghostly+1","Ghostly+1","Ghostly+1","Backflip+1","PiercingWail+1","Ghostly+1","Dagger Spray+1","Quick Slash+1","Backflip+1","Deadly Poison+1","Deadly Poison+1","Calculated Gamble+1","Acrobatics+1","Noxious Fumes+1","Blur+1","Envenom+1","Leg Sweep+1","Calculated Gamble","Acrobatics"],"relics":["Ring of the Snake","Potion Belt","Oddly Smooth Stone","Shovel","Happy Flower","Fusion Hammer","DollysMirror","War Paint","Strawberry","Pen Nib","Mercury Hourglass","Lantern","Bronze Scales","Bottled Flame","Cursed Key","Question Card","PreservedInsect","Gambling Chip","Ancient Tea Set","Anchor","Mark of the Bloom","Boot","Pear","Snake Skull","Blue Candle"],"potions_floor_usage":[7,31,33,56,56,56],"damage_taken":[{"damage":0,"enemies":"Small Slimes","floor":1,"turns":4},{"damage":0,"enemies":"2 Louse","floor":2,"turns":3},{"damage":1,"enemies":"Jaw Worm","floor":5,"turns":2},{"damage":7,"enemies":"Gremlin Nob","floor":7,"turns":4},{"damage":3,"enemies":"Lagavulin","floor":12,"turns":5},{"damage":0,"enemies":"Exordium Thugs","floor":13,"turns":3},{"damage":24,"enemies":"Gremlin Nob","floor":14,"turns":4},{"damage":0,"enemies":"Hexaghost","floor":16,"turns":9},{"damage":0,"enemies":"3 Byrds","floor":18,"turns":7},{"damage":0,"enemies":"Shell Parasite","floor":21,"turns":5},{"damage":0,"enemies":"Book of Stabbing","floor":24,"turns":6},{"damage":3,"enemies":"Slavers","floor":27,"turns":8},{"damage":0,"enemies":"Snake Plant","floor":28,"turns":4},{"damage":0,"enemies":"Book of Stabbing","floor":29,"turns":6},{"damage":0,"enemies":"Snecko","floor":31,"turns":4},{"damage":3,"enemies":"Collector","floor":33,"turns":9},{"damage":0,"enemies":"3 Darklings","floor":35,"turns":5},{"damage":1,"enemies":"Orb Walker","floor":36,"turns":4},{"damage":0,"enemies":"Writhing Mass","floor":37,"turns":6},{"damage":0,"enemies":"Spire Growth","floor":38,"turns":5},{"damage":0,"enemies":"Nemesis","floor":41,"turns":7},{"damage":0,"enemies":"Giant Head","floor":45,"turns":7},{"damage":0,"enemies":"Nemesis","floor":48,"turns":5},{"damage":0,"enemies":"Awakened One","floor":50,"turns":14},{"damage":0,"enemies":"Donu and Deca","floor":51,"turns":12},{"damage":0,"enemies":"Shield and Spear","floor":55,"turns":7},{"damage":15,"enemies":"The Heart","floor":56,"turns":9}],"seed_played":"1753112211334316363","potions_obtained":[{"floor":1,"key":"GhostInAJar"},{"floor":2,"key":"AttackPotion"},{"floor":12,"key":"Fruit Juice"},{"floor":13,"key":"Fire Potion"},{"floor":21,"key":"GhostInAJar"},{"floor":31,"key":"Regen Potion"},{"floor":35,"key":"AttackPotion"}],"is_trial":false,"path_per_floor":["M","M","?","$","M","R","E","R","T","?","R","E","M","E","R","B",null,"M","?","$","M","?","R","E","R","T","E","M","E","R","M","R","B",null,"M","M","M","M","$","R","E","R","T","R","E","?","?","E","R","B","B",null,"R","$","E","B",null],"character_chosen":"THE_SILENT","items_purchased":["DollysMirror","Backflip","Noxious Fumes","Snake Skull","Calculated Gamble"],"campfire_rested":0,"item_purchase_floors":[20,20,39,54,54],"current_hp_per_floor":[65,65,43,43,42,42,35,35,35,59,59,56,56,32,32,32,62,62,36,36,36,36,36,43,43,43,40,40,40,40,45,45,42,47,47,46,46,46,46,46,46,46,46,46,46,46,46,46,46,46,46,46,46,46,46,31],"gold":41,"neow_bonus":"TEN_PERCENT_HP_BONUS","is_prod":false,"is_daily":false,"chose_seed":false,"campfire_upgraded":4,"win_rate":0,"timestamp":1555362986,"path_taken":["M","M","?","$","M","R","E","R","T","?","R","E","M","E","R","BOSS","M","?","?","M","?","R","E","R","T","E","M","E","R","?","R","BOSS","M","?","M","M","$","R","E","R","T","R","E","?","?","E","R","BOSS","BOSS","R","$","E","BOSS"],"build_version":"2019-04-04","purchased_purges":2,"victory":true,"max_hp_per_floor":[72,72,72,72,72,72,72,72,72,72,72,72,72,72,72,72,72,72,36,36,36,36,36,43,43,43,43,43,43,43,48,48,48,48,48,48,48,48,48,48,48,48,48,48,48,48,48,48,48,48,48,48,58,58,58,58],"card_choices":[{"not_picked":["Terror","Masterful Stab"],"picked":"Dagger Throw","floor":1},{"not_picked":["Endless Agony","Outmaneuver"],"picked":"Bouncing Flask","floor":2},{"not_picked":["Flechettes","Eviscerate"],"picked":"Dodge and Roll","floor":5},{"not_picked":["Eviscerate","Dodge and Roll"],"picked":"Adrenaline","floor":7},{"not_picked":["Slice","Underhanded Strike"],"picked":"Dodge and Roll","floor":12},{"not_picked":["Outmaneuver","Quick Slash"],"picked":"Well Laid Plans","floor":13},{"not_picked":["Terror","Masterful Stab"],"picked":"Footwork","floor":14},{"not_picked":["Unload","Storm of Steel"],"picked":"Burst","floor":16},{"not_picked":["Dodge and Roll","Accuracy"],"picked":"Deadly Poison","floor":18},{"not_picked":["Dagger Throw","Dagger Spray"],"picked":"PiercingWail","floor":21},{"not_picked":["Deadly Poison","Eviscerate","Underhanded Strike"],"picked":"SKIP","floor":24},{"not_picked":["Bullet Time","Underhanded Strike"],"picked":"Dagger Spray+1","floor":27},{"not_picked":["Dagger Throw","Terror"],"picked":"Quick Slash+1","floor":28},{"not_picked":["Poisoned Stab","Acrobatics"],"picked":"Backflip","floor":29},{"not_picked":["Dagger Throw","Prepared"],"picked":"Deadly Poison+1","floor":31},{"not_picked":["Acrobatics","Terror"],"picked":"Deadly Poison+1","floor":35},{"not_picked":["Sucker Punch","Riddle With Holes","Heel Hook+1"],"picked":"SKIP","floor":36},{"not_picked":["Bane","Blade Dance"],"picked":"Calculated Gamble","floor":37},{"not_picked":["Endless Agony","Cloak And Dagger"],"picked":"Acrobatics","floor":38},{"not_picked":["Infinite Blades","Sucker Punch","Slice"],"picked":"Blur+1","floor":41},{"not_picked":["Deflect","Blade Dance+1","Distraction+1"],"picked":"Envenom","floor":45},{"not_picked":["Terror","Sucker Punch","Eviscerate"],"picked":"Leg Sweep+1","floor":48},{"not_picked":["Dagger Throw","Prepared","Quick Slash"],"picked":"Acrobatics","floor":55}],"player_experience":5613175,"relics_obtained":[{"floor":7,"key":"Potion Belt"},{"floor":9,"key":"Oddly Smooth Stone"},{"floor":12,"key":"Shovel"},{"floor":14,"key":"Happy Flower"},{"floor":23,"key":"War Paint"},{"floor":24,"key":"Strawberry"},{"floor":25,"key":"Pen Nib"},{"floor":27,"key":"Mercury Hourglass"},{"floor":29,"key":"Lantern"},{"floor":30,"key":"Bronze Scales"},{"floor":32,"key":"Bottled Flame"},{"floor":40,"key":"Question Card"},{"floor":41,"key":"PreservedInsect"},{"floor":42,"key":"Gambling Chip"},{"floor":44,"key":"Ancient Tea Set"},{"floor":45,"key":"Anchor"},{"floor":48,"key":"Boot"},{"floor":53,"key":"Pear"},{"floor":55,"key":"Blue Candle"}],"event_choices":[{"damage_healed":0,"gold_gain":0,"player_choice":"Entered Light","damage_taken":22,"max_hp_gain":0,"max_hp_loss":0,"event_name":"Shining Light","floor":3,"gold_loss":0,"cards_upgraded":["Strike_G","Strike_G"]},{"damage_healed":24,"gold_gain":0,"player_choice":"Banana","damage_taken":0,"max_hp_gain":0,"max_hp_loss":0,"event_name":"Big Fish","floor":10,"gold_loss":0},{"damage_healed":0,"gold_gain":0,"player_choice":"Became a Ghost","damage_taken":0,"max_hp_gain":0,"max_hp_loss":36,"event_name":"Ghosts","floor":19,"gold_loss":0,"cards_obtained":["Ghostly","Ghostly","Ghostly"]},{"damage_healed":0,"gold_gain":0,"player_choice":"Copied","damage_taken":0,"max_hp_gain":0,"max_hp_loss":0,"event_name":"Duplicator","floor":22,"gold_loss":0,"cards_obtained":["Ghostly"]},{"damage_healed":0,"gold_gain":0,"player_choice":"Upgrade","damage_taken":0,"relics_obtained":["Mark of the Bloom"],"max_hp_gain":0,"max_hp_loss":0,"event_name":"MindBloom","floor":46,"gold_loss":0,"cards_upgraded":["Defend_G","Defend_G","Defend_G","Defend_G","Strike_G","Survivor","Dodge and Roll","Adrenaline","Dodge and Roll","Well Laid Plans","Burst","Deadly Poison","Ghostly","Ghostly","Ghostly","Ghostly","PiercingWail","Ghostly","Backflip","Calculated Gamble","Acrobatics","Noxious Fumes","Envenom"]},{"damage_healed":0,"gold_gain":0,"player_choice":"Ignored","damage_taken":0,"max_hp_gain":0,"max_hp_loss":0,"event_name":"Accursed Blacksmith","floor":47,"gold_loss":0}],"is_beta":true,"boss_relics":[{"not_picked":["Philosopher\u0027s Stone","HoveringKite"],"picked":"Fusion Hammer"},{"not_picked":["Eternal Feather","Busted Crown"],"picked":"Cursed Key"}],"items_purged_floors":[4,39],"is_endless":false,"potions_floor_spawned":[1,2,12,13,21,31,35,36,41],"ascension_level":20}