{"gold_per_floor":[113,113,129,129,142,142,177,192,192,206,206,206,232,11,11,83,83,97,97,22,22,37,72,72,85,132,132,143,163,31,44,44,116,116,131,146,162,1161,426,454,454,486,561,521,537,552,40,65,65,65,65,65,65,22,57,57],"floor_reached":57,"playtime":5400,"items_purged":["Strike_G","Normality","Normality"],"score":2794,"play_id":"57c414db-9873-40bb-8d20-a8258db9d03a","local_time":"20190413140504","is_ascension_mode":true,"campfire_choices":[{"data":"Strike_G","floor":6,"key":"SMITH"},{"floor":11,"key":"REST"},{"data":"Crippling Poison","floor":15,"key":"SMITH"},{"data":"Well Laid Plans","floor":24,"key":"SMITH"},{"data":"Footwork","floor":27,"key":"SMITH"},{"data":"Footwork","floor":32,"key":"SMITH"},{"floor":41,"key":"REST"},{"floor":49,"key":"RECALL"},{"data":"Caltrops","floor":53,"key":"SMITH"}],"neow_cost":"NONE","seed_source_timestamp":254216049705344,"circlet_count":0,"master_deck":["AscendersBane","Defend_G+1","Defend_G+1","Defend_G+1","Defend_G+1","Defend_G+1","Strike_G+1","Strike_G+1","Survivor","Neutralize+1","Backflip","Terror","Masterful Stab","Crippling Poison+1","Dagger Throw","After Image","Footwork+1","Well Laid Plans+1","PiercingWail","Malaise","Dagger Spray+1","Poisoned Stab","Adrenaline","Dodge and Roll","Calculated Gamble","Footwork+1","Dodge and Roll","PiercingWail+1","Glass Knife+1","PiercingWail","Bouncing Flask","PiercingWail","Well Laid Plans","Caltrops+1","Backflip+1","Calculated Gamble+1","Dodge and Roll","PiercingWail","Backflip+1","Backflip","Caltrops"],"relics":["Ring of the Snake","Bronze Scales","Strawberry","CultistMask","The Courier","Velvet Choker","Dodecahedron","Potion Belt","Black Star","Anchor","Bag of Preparation","Gambling Chip","StoneCalendar","Dream Catcher","Shuriken","Tingsha","Meat on the Bone","Happy Flower","Darkstone Periapt","Whetstone","Lantern","Calipers"],"potions_floor_usage":[4,7,13,16,23,33,33,37,40,46,56,56,56,56,56,56,56,56],"damage_taken":[{"damage":3,"enemies":"2 Louse","floor":1,"turns":4},{"damage":0,"enemies":"Jaw Worm","floor":3,"turns":6},{"damage":0,"enemies":"Cultist","floor":5,"turns":3},{"damage":26,"enemies":"Lagavulin","floor":7,"turns":6},{"damage":1,"enemies":"Blue Slaver","floor":8,"turns":2},{"damage":2,"enemies":"Red Slaver","floor":10,"turns":4},{"damage":28,"enemies":"Gremlin Nob","floor":13,"turns":4},{"damage":4,"enemies":"The Guardian","floor":16,"turns":10},{"damage":0,"enemies":"Spheric Guardian","floor":18,"turns":6},{"damage":10,"enemies":"Shell Parasite","floor":22,"turns":4},{"damage":14,"enemies":"Gremlin Leader","floor":23,"turns":6},{"damage":0,"enemies":"Snake Plant","floor":25,"turns":4},{"damage":8,"enemies":"Centurion and Healer","floor":28,"turns":8},{"damage":0,"enemies":"Cultist and Chosen","floor":29,"turns":7},{"damage":0,"enemies":"Chosen and Byrds","floor":31,"turns":6},{"damage":14,"enemies":"Automaton","floor":33,"turns":10},{"damage":0,"enemies":"Orb Walker","floor":35,"turns":4},{"damage":9,"enemies":"3 Darklings","floor":36,"turns":7},{"damage":11,"enemies":"Jaw Worm Horde","floor":37,"turns":5},{"damage":25,"enemies":"Giant Head","floor":40,"turns":12},{"damage":0,"enemies":"Nemesis","floor":42,"turns":11},{"damage":0,"enemies":"Sphere and 2 Shapes","floor":45,"turns":5},{"damage":10,"enemies":"Transient","floor":46,"turns":6},{"damage":6,"enemies":"Reptomancer","floor":48,"turns":7},{"damage":1,"enemies":"Donu and Deca","floor":50,"turns":17},{"damage":28,"enemies":"Awakened One","floor":51,"turns":24},{"damage":38,"enemies":"Shield and Spear","floor":55,"turns":8},{"damage":2,"enemies":"The Heart","floor":56,"turns":9}],"seed_played":"-4774624437181458619","potions_obtained":[{"floor":1,"key":"Fruit Juice"},{"floor":4,"key":"SpeedPotion"},{"floor":4,"key":"SneckoOil"},{"floor":5,"key":"Regen Potion"},{"floor":13,"key":"FearPotion"},{"floor":16,"key":"Dexterity Potion"},{"floor":18,"key":"SpeedPotion"},{"floor":22,"key":"Energy Potion"},{"floor":31,"key":"Fire Potion"},{"floor":33,"key":"Fire Potion"},{"floor":35,"key":"Ancient Potion"},{"floor":36,"key":"FearPotion"},{"floor":44,"key":"EntropicBrew"},{"floor":44,"key":"LiquidBronze"},{"floor":46,"key":"FearPotion"}],"is_trial":false,"path_per_floor":["M","?","M","?","M","R","E","M","T","M","R","?","E","$","R","B",null,"M","?","?","?","M","E","R","M","T","R","M","M","$","M","R","B",null,"M","M","M","?","$","E","R","E","T","?","M","M","$","E","R","B","B",null,"R","$","E","B",null],"character_chosen":"THE_SILENT","items_purchased":["Footwork","Well Laid Plans","PiercingWail","Footwork","Dodge and Roll","Poison Potion","Well Laid Plans","Caltrops","Anchor","Bag of Preparation","Gambling Chip","Fire Potion","GhostInAJar","Meat on the Bone","Happy Flower","Backflip"],"campfire_rested":2,"item_purchase_floors":[14,14,14,30,30,30,39,39,39,39,39,39,47,47,47,54],"current_hp_per_floor":[56,36,36,41,41,41,30,29,36,34,57,57,29,29,29,25,65,65,65,65,65,55,41,41,41,41,41,33,33,33,33,33,19,63,63,54,43,43,43,18,41,41,41,41,41,31,31,37,37,48,32,67,67,67,41,51],"gold":57,"neow_bonus":"UPGRADE_CARD","is_prod":false,"is_daily":false,"chose_seed":false,"campfire_upgraded":6,"win_rate":0,"timestamp":1555189504,"path_taken":["M","?","M","?","M","R","E","M","T","?","R","?","E","$","R","BOSS","M","?","?","?","M","E","R","M","T","R","?","M","$","M","R","BOSS","M","M","M","?","$","E","R","E","T","?","?","M","$","E","R","BOSS","BOSS","R","$","E","BOSS"],"build_version":"2019-04-04","purchased_purges":3,"victory":true,"max_hp_per_floor":[66,66,66,71,71,71,71,71,78,78,78,78,78,78,78,78,78,78,78,78,78,78,78,78,78,78,78,78,78,78,78,78,78,78,78,78,78,78,78,78,78,78,78,78,78,78,78,78,78,78,78,78,78,78,78,78],"card_choices":[{"not_picked":["Prepared","Distraction"],"picked":"Backflip","floor":1},{"not_picked":["Blade Dance","Deflect"],"picked":"Terror","floor":3},{"not_picked":["Terror","Accuracy","Acrobatics"],"picked":"SKIP","floor":5},{"not_picked":["Acrobatics","Catalyst"],"picked":"Masterful Stab","floor":7},{"not_picked":["Dagger Spray","Blur"],"picked":"Crippling Poison","floor":8},{"not_picked":["Acrobatics","Slice"],"picked":"Dagger Throw","floor":10},{"not_picked":["Flying Knee","Underhanded Strike"],"picked":"After Image","floor":13},{"not_picked":["Die Die Die","Doppelganger"],"picked":"Malaise","floor":16},{"not_picked":["Slice","Flying Knee"],"picked":"Dagger Spray","floor":18},{"not_picked":["Slice","Escape Plan"],"picked":"Adrenaline","floor":22},{"not_picked":["Slice","Bane+1","Deflect"],"picked":"SKIP","floor":23},{"not_picked":["Cloak And Dagger","Outmaneuver+1","Dagger Spray"],"picked":"SKIP","floor":25},{"not_picked":["Riddle With Holes","Backstab"],"picked":"Dodge and Roll","floor":28},{"not_picked":["Sucker Punch","Infinite Blades+1"],"picked":"Calculated Gamble","floor":29},{"not_picked":["Reflex","Acrobatics"],"picked":"PiercingWail+1","floor":31},{"not_picked":["Grand Finale","Phantasmal Killer"],"picked":"Glass Knife","floor":33},{"not_picked":["Backflip","Blade Dance"],"picked":"PiercingWail","floor":35},{"not_picked":["Bane","Acrobatics"],"picked":"Bouncing Flask","floor":36},{"not_picked":["Terror+1","Flying Knee"],"picked":"PiercingWail","floor":37},{"not_picked":["Deadly Poison","Unload"],"picked":"Backflip+1","floor":40},{"not_picked":["Masterful Stab+1","Grand Finale"],"picked":"Calculated Gamble+1","floor":42},{"not_picked":["Poisoned Stab+1","Prepared"],"picked":"Dodge and Roll","floor":45},{"not_picked":["Dodge and Roll+1","Dagger Spray"],"picked":"PiercingWail","floor":46},{"not_picked":["Flechettes","Catalyst"],"picked":"Backflip+1","floor":48},{"not_picked":["Expertise","Deadly Poison"],"picked":"Caltrops","floor":55}],"player_experience":5573401,"relics_obtained":[{"floor":7,"key":"Bronze Scales"},{"floor":9,"key":"Strawberry"},{"floor":13,"key":"The Courier"},{"floor":23,"key":"Dodecahedron"},{"floor":26,"key":"Potion Belt"},{"floor":40,"key":"StoneCalendar"},{"floor":40,"key":"Dream Catcher"},{"floor":42,"key":"Shuriken"},{"floor":42,"key":"Tingsha"},{"floor":48,"key":"Darkstone Periapt"},{"floor":48,"key":"Whetstone"},{"floor":55,"key":"Lantern"},{"floor":55,"key":"Calipers"}],"event_choices":[{"damage_healed":0,"gold_gain":0,"player_choice":"Entered Light","damage_taken":20,"max_hp_gain":0,"max_hp_loss":0,"event_name":"Shining Light","floor":2,"gold_loss":0,"cards_upgraded":["Defend_G","Defend_G"]},{"damage_healed":0,"gold_gain":0,"player_choice":"Got Potions","damage_taken":0,"max_hp_gain":0,"max_hp_loss":0,"event_name":"Lab","floor":4,"gold_loss":0},{"damage_healed":0,"gold_gain":0,"player_choice":"Trade","damage_taken":0,"relics_obtained":["CultistMask"],"max_hp_gain":0,"max_hp_loss":0,"event_name":"FaceTrader","floor":12,"gold_loss":0},{"damage_healed":0,"gold_gain":0,"cards_transformed":["Strike_G","Strike_G"],"player_choice":"Became Test Subject","damage_taken":0,"max_hp_gain":0,"max_hp_loss":0,"event_name":"Drug Dealer","floor":19,"gold_loss":0,"cards_obtained":["Poisoned Stab","Distraction"]},{"cards_removed":["Distraction"],"damage_healed":0,"gold_gain":0,"player_choice":"Gave Gold","damage_taken":0,"max_hp_gain":0,"max_hp_loss":0,"event_name":"Beggar","floor":20,"gold_loss":75},{"damage_healed":0,"gold_gain":0,"player_choice":"Simplicity","damage_taken":0,"max_hp_gain":0,"max_hp_loss":0,"event_name":"Back to Basics","floor":21,"gold_loss":0,"cards_upgraded":["Defend_G","Defend_G","Defend_G","Strike_G"]},{"damage_healed":0,"gold_gain":999,"player_choice":"Gold","damage_taken":0,"max_hp_gain":0,"max_hp_loss":0,"event_name":"MindBloom","floor":38,"gold_loss":0,"cards_obtained":["Normality","Normality"]},{"damage_healed":0,"gold_gain":0,"player_choice":"Bought 3 Potions","damage_taken":0,"max_hp_gain":0,"max_hp_loss":0,"event_name":"The Woman in Blue","floor":44,"gold_loss":0}],"is_beta":true,"boss_relics":[{"not_picked":["Astrolabe","Coffee Dripper"],"picked":"Velvet Choker"},{"not_picked":["Empty Cage","Ring of the Serpent"],"picked":"Black Star"}],"items_purged_floors":[14,39,47],"is_endless":false,"potions_floor_spawned":[1,5,13,16,18,22,31,33,35,36,45,46],"ascension_level":20}