{"gold_per_floor":[112,112,112,131,56,56,71,84,84,84,84,119,119,163,163,163],"floor_reached":16,"playtime":836,"items_purged":["Strike_G"],"score":216,"play_id":"ce40c59b-2f97-4eaf-87d8-ffd11d853858","local_time":"20190422122801","is_ascension_mode":true,"campfire_choices":[{"data":"Neutralize","floor":6,"key":"SMITH"},{"data":"Quick Slash","floor":11,"key":"SMITH"},{"data":"Dash","floor":13,"key":"SMITH"},{"data":"Deadly Poison","floor":15,"key":"SMITH"}],"neow_cost":"NONE","seed_source_timestamp":886700611690,"circlet_count":0,"master_deck":["AscendersBane","Defend_G","Defend_G","Defend_G","Defend_G","Defend_G","Strike_G","Strike_G","Strike_G","Survivor","Neutralize+1","Dash+1","Quick Slash+1","Cloak And Dagger","PiercingWail","Wraith Form v2+1","Deadly Poison+1"],"relics":["Ring of the Snake","Golden Idol","Frozen Egg 2","Letter Opener","Potion Belt"],"potions_floor_usage":[12,16],"damage_taken":[{"damage":2,"enemies":"Jaw Worm","floor":1,"turns":7},{"damage":0,"enemies":"2 Louse","floor":4,"turns":2},{"damage":0,"enemies":"Cultist","floor":7,"turns":4},{"damage":3,"enemies":"2 Fungi Beasts","floor":8,"turns":5},{"damage":19,"enemies":"Gremlin Nob","floor":12,"turns":5},{"damage":27,"enemies":"3 Sentries","floor":14,"turns":13},{"damage":19,"enemies":"The Guardian","floor":16,"turns":11}],"seed_played":"-8583619957562937072","potions_obtained":[{"floor":1,"key":"EssenceOfSteel"},{"floor":7,"key":"GhostInAJar"}],"is_trial":false,"path_per_floor":["M","?","?","M","$","R","M","M","T","?","R","E","R","E","R","B"],"character_chosen":"THE_SILENT","items_purchased":[],"campfire_rested":0,"item_purchase_floors":[],"current_hp_per_floor":[63,63,68,68,68,68,68,65,65,65,65,46,46,19,19,0],"gold":163,"neow_bonus":"TEN_PERCENT_HP_BONUS","is_prod":false,"is_daily":false,"chose_seed":false,"campfire_upgraded":4,"win_rate":0,"timestamp":1555961281,"path_taken":["M","?","?","M","?","R","?","M","T","?","R","E","R","E","R","BOSS"],"build_version":"2019-04-21","purchased_purges":1,"victory":false,"max_hp_per_floor":[72,65,70,70,70,70,70,70,70,70,70,70,70,70,70,70],"card_choices":[{"not_picked":["Quick Slash","Backflip"],"picked":"Dash","floor":1},{"not_picked":["Outmaneuver","Dodge and Roll"],"picked":"Quick Slash","floor":4},{"not_picked":["Bane","Burst","Finisher"],"picked":"SKIP","floor":7},{"not_picked":["Heel Hook","Accuracy"],"picked":"Cloak And Dagger","floor":8},{"not_picked":["Underhanded Strike","Riddle With Holes"],"picked":"Wraith Form v2+1","floor":12},{"not_picked":["Dodge and Roll","Leg Sweep"],"picked":"Deadly Poison","floor":14}],"player_experience":5756694,"relics_obtained":[{"floor":9,"key":"Frozen Egg 2"},{"floor":12,"key":"Letter Opener"},{"floor":14,"key":"Potion Belt"}],"event_choices":[{"damage_healed":0,"gold_gain":0,"player_choice":"Lose Max HP","damage_taken":0,"relics_obtained":["Golden Idol"],"max_hp_gain":0,"max_hp_loss":7,"event_name":"Golden Idol","floor":2,"gold_loss":0},{"damage_healed":0,"gold_gain":0,"player_choice":"Donut","damage_taken":0,"max_hp_gain":5,"max_hp_loss":0,"event_name":"Big Fish","floor":3,"gold_loss":0},{"damage_healed":0,"gold_gain":0,"cards_transformed":["Strike_G"],"player_choice":"Transformed","damage_taken":0,"max_hp_gain":0,"max_hp_loss":0,"event_name":"Transmorgrifier","floor":10,"gold_loss":0,"cards_obtained":["PiercingWail"]}],"is_beta":true,"boss_relics":[],"items_purged_floors":[5],"is_endless":false,"potions_floor_spawned":[1,7,8],"killed_by":"The Guardian","ascension_level":20}