{"gold_per_floor":[112,125,125,142,153,153,183,183,208,238,251,284,284,284,284,358,358,371,381,481,82,95,127,143,143,143,171,203,203,229,241,241,314,314,328,328,328,344,37,95,95,122,146,146,0,0,26,48,60,72,84],"floor_reached":51,"playtime":4760,"items_purged":["Strike_G","Strike_G"],"score":1712,"play_id":"961bd9ea-c84c-47c6-950a-7dc4d860b74f","local_time":"20190418135249","is_ascension_mode":true,"campfire_choices":[{"data":"Deadly Poison","floor":6,"key":"SMITH"},{"data":"Caltrops","floor":8,"key":"SMITH"},{"data":"Crippling Poison","floor":13,"key":"SMITH"},{"data":"Glass Knife","floor":15,"key":"SMITH"},{"data":"Footwork","floor":25,"key":"SMITH"},{"data":"Deadly Poison","floor":29,"key":"SMITH"},{"data":"Corpse Explosion","floor":32,"key":"SMITH"},{"data":"Leg Sweep","floor":41,"key":"SMITH"},{"floor":44,"key":"RECALL"},{"data":"Backflip","floor":46,"key":"SMITH"},{"data":"Crippling Poison","floor":49,"key":"SMITH"}],"neow_cost":"NONE","seed_source_timestamp":306189385814453,"circlet_count":0,"master_deck":["AscendersBane","Defend_G","Defend_G+1","Defend_G","Defend_G","Defend_G+1","Strike_G","Strike_G","Strike_G","Survivor","Neutralize+1","Caltrops+1","Quick Slash","Deadly Poison+1","Catalyst+1","Backflip+1","Glass Knife+1","Crippling Poison+1","Blur","Deflect","Leg Sweep+1","Footwork+1","PiercingWail","Dodge and Roll","Deadly Poison+1","Corpse Explosion+1","After Image+1","Caltrops+1","Noxious Fumes+1","Crippling Poison+1"],"relics":["Ring of the Snake","Centennial Puzzle","Strawberry","Art of War","Oddly Smooth Stone","Black Star","FossilizedHelix","Meat on the Bone","Lee\u0027s Waffle","WingedGreaves","Ninja Scroll","The Courier","Frozen Egg 2","Tough Bandages","Incense Burner","War Paint","Smiling Mask","Lantern","Busted Crown","PreservedInsect","Tiny Chest","Bird Faced Urn","Happy Flower","Ancient Tea Set","Red Mask","Orichalcum","MawBank"],"potions_floor_usage":[7,7,20,20,23,30,33,40],"damage_taken":[{"damage":0,"enemies":"Small Slimes","floor":1,"turns":5},{"damage":0,"enemies":"2 Louse","floor":2,"turns":3},{"damage":0,"enemies":"Cultist","floor":4,"turns":4},{"damage":7,"enemies":"Blue Slaver","floor":5,"turns":5},{"damage":25,"enemies":"Lagavulin","floor":7,"turns":7},{"damage":35,"enemies":"Gremlin Nob","floor":10,"turns":4},{"damage":2,"enemies":"3 Louse","floor":11,"turns":3},{"damage":21,"enemies":"3 Sentries","floor":12,"turns":7},{"damage":4,"enemies":"Hexaghost","floor":16,"turns":6},{"damage":13,"enemies":"Chosen","floor":18,"turns":4},{"damage":5,"enemies":"Shell Parasite","floor":19,"turns":5},{"damage":2,"enemies":"Colosseum Slavers","floor":20,"turns":6},{"damage":22,"enemies":"Colosseum Nobs","floor":20,"turns":4},{"damage":0,"enemies":"Centurion and Healer","floor":22,"turns":7},{"damage":38,"enemies":"Gremlin Leader","floor":23,"turns":6},{"damage":0,"enemies":"Cultist and Chosen","floor":24,"turns":5},{"damage":9,"enemies":"Book of Stabbing","floor":27,"turns":4},{"damage":18,"enemies":"Gremlin Leader","floor":28,"turns":5},{"damage":16,"enemies":"Slavers","floor":30,"turns":4},{"damage":0,"enemies":"Snake Plant","floor":31,"turns":4},{"damage":23,"enemies":"Automaton","floor":33,"turns":9},{"damage":0,"enemies":"3 Shapes","floor":35,"turns":5},{"damage":0,"enemies":"Orb Walker","floor":38,"turns":4},{"damage":24,"enemies":"Reptomancer","floor":40,"turns":8},{"damage":0,"enemies":"Giant Head","floor":42,"turns":6},{"damage":0,"enemies":"Reptomancer","floor":47,"turns":4},{"damage":0,"enemies":"Writhing Mass","floor":48,"turns":6},{"damage":38,"enemies":"Time Eater","floor":50,"turns":12},{"damage":60,"enemies":"Awakened One","floor":51,"turns":15}],"seed_played":"-3175986819297014353","potions_obtained":[{"floor":1,"key":"Regen Potion"},{"floor":2,"key":"SpeedPotion"},{"floor":5,"key":"Regen Potion"},{"floor":12,"key":"Explosive Potion"},{"floor":18,"key":"Explosive Potion"},{"floor":20,"key":"SpeedPotion"},{"floor":23,"key":"Ancient Potion"},{"floor":28,"key":"Strength Potion"},{"floor":31,"key":"FearPotion"},{"floor":33,"key":"Energy Potion"},{"floor":35,"key":"AttackPotion"},{"floor":38,"key":"LiquidBronze"}],"is_trial":false,"path_per_floor":["M","M","?","M","M","R","E","R","T","E","M","E","R","?","R","B",null,"M","M","?","$","M","E","M","R","T","E","E","R","E","M","R","B",null,"M","?","?","M","$","E","R","E","T","R","?","R","E","M","R","B","B"],"character_chosen":"THE_SILENT","items_purchased":["Footwork","PiercingWail","Lee\u0027s Waffle","PreservedInsect","Caltrops+1","Noxious Fumes+1"],"campfire_rested":0,"item_purchase_floors":[21,21,21,39,39,39],"current_hp_per_floor":[59,59,64,64,57,57,71,71,78,43,41,20,20,20,20,16,63,50,45,21,85,85,47,47,47,47,50,44,44,40,52,52,41,74,74,64,64,64,64,52,52,62,62,62,62,62,70,80,80,43,0],"gold":84,"neow_bonus":"UPGRADE_CARD","is_prod":false,"is_daily":false,"chose_seed":false,"campfire_upgraded":10,"win_rate":0,"timestamp":1555620769,"path_taken":["M","M","?","M","M","R","E","R","T","E","M","E","R","?","R","BOSS","M","M","?","$","M","E","M","R","T","E","E","R","E","M","R","BOSS","M","?","?","M","$","E","R","E","T","R","?","R","E","?","R","BOSS","BOSS"],"build_version":"2019-04-04","purchased_purges":2,"victory":false,"max_hp_per_floor":[66,66,71,71,71,71,71,71,78,78,78,78,78,78,78,78,78,78,78,78,85,85,85,85,85,85,85,85,85,85,85,85,85,85,85,85,81,81,81,81,81,81,81,81,81,81,81,81,81,81,81],"card_choices":[{"not_picked":["Tactician","Blade Dance"],"picked":"Caltrops","floor":1},{"not_picked":["Cloak And Dagger","Sucker Punch"],"picked":"Quick Slash","floor":2},{"not_picked":["Backstab","Flying Knee"],"picked":"Deadly Poison","floor":4},{"not_picked":["Underhanded Strike","Caltrops"],"picked":"Catalyst","floor":5},{"not_picked":["Quick Slash","Blade Dance"],"picked":"Backflip","floor":7},{"not_picked":["Cloak And Dagger","Prepared"],"picked":"Glass Knife","floor":10},{"not_picked":["Deadly Poison","Bouncing Flask"],"picked":"Crippling Poison","floor":11},{"not_picked":["Dash","Expertise"],"picked":"Blur","floor":12},{"not_picked":["Prepared","Blade Dance","Masterful Stab"],"picked":"SKIP","floor":18},{"not_picked":["Terror+1","Backflip"],"picked":"Deflect","floor":19},{"not_picked":["Slice","Blur"],"picked":"Leg Sweep","floor":20},{"not_picked":["Quick Slash","Eviscerate","Underhanded Strike"],"picked":"SKIP","floor":22},{"not_picked":["Tactician+1","Underhanded Strike","Caltrops"],"picked":"SKIP","floor":23},{"not_picked":["Die Die Die","Calculated Gamble"],"picked":"Dodge and Roll","floor":24},{"not_picked":["Deflect","Cloak And Dagger+1","Eviscerate"],"picked":"SKIP","floor":27},{"not_picked":["PiercingWail+1","Acrobatics"],"picked":"Deadly Poison","floor":28},{"not_picked":["Blade Dance","Outmaneuver"],"picked":"Corpse Explosion","floor":30},{"not_picked":["Poisoned Stab","Dagger Spray","Slice"],"picked":"SKIP","floor":31},{"not_picked":["Night Terror","Tools of the Trade+1"],"picked":"After Image+1","floor":33},{"not_picked":["Prepared"],"picked":"SKIP","floor":35},{"not_picked":["Quick Slash"],"picked":"SKIP","floor":38},{"not_picked":["Deadly Poison"],"picked":"SKIP","floor":40},{"not_picked":["Flying Knee"],"picked":"SKIP","floor":42},{"not_picked":["Choke"],"picked":"SKIP","floor":47},{"not_picked":[],"picked":"Crippling Poison","floor":48}],"player_experience":5679750,"relics_obtained":[{"floor":7,"key":"Centennial Puzzle"},{"floor":9,"key":"Strawberry"},{"floor":10,"key":"Art of War"},{"floor":12,"key":"Oddly Smooth Stone"},{"floor":20,"key":"FossilizedHelix"},{"floor":20,"key":"Meat on the Bone"},{"floor":23,"key":"WingedGreaves"},{"floor":23,"key":"Ninja Scroll"},{"floor":26,"key":"The Courier"},{"floor":27,"key":"Frozen Egg 2"},{"floor":27,"key":"Tough Bandages"},{"floor":28,"key":"Incense Burner"},{"floor":28,"key":"War Paint"},{"floor":30,"key":"Smiling Mask"},{"floor":30,"key":"Lantern"},{"floor":40,"key":"Tiny Chest"},{"floor":40,"key":"Bird Faced Urn"},{"floor":42,"key":"Happy Flower"},{"floor":42,"key":"Ancient Tea Set"},{"floor":47,"key":"Orichalcum"},{"floor":47,"key":"MawBank"}],"event_choices":[{"damage_healed":0,"gold_gain":0,"player_choice":"Donut","damage_taken":0,"max_hp_gain":5,"max_hp_loss":0,"event_name":"Big Fish","floor":3,"gold_loss":0},{"damage_healed":0,"gold_gain":0,"player_choice":"Upgraded","damage_taken":0,"max_hp_gain":0,"max_hp_loss":0,"event_name":"Upgrade Shrine","floor":14,"gold_loss":0,"cards_upgraded":["Catalyst"]},{"damage_healed":0,"gold_gain":0,"player_choice":"Fight","damage_taken":0,"max_hp_gain":0,"max_hp_loss":0,"event_name":"Colosseum","floor":20,"gold_loss":0},{"damage_healed":0,"gold_gain":0,"player_choice":"Fought Nobs","damage_taken":0,"max_hp_gain":0,"max_hp_loss":0,"event_name":"Colosseum","floor":20,"gold_loss":0},{"damage_healed":0,"gold_gain":0,"player_choice":"Memory 3","damage_taken":10,"max_hp_gain":0,"max_hp_loss":0,"event_name":"SensoryStone","floor":36,"gold_loss":0},{"damage_healed":0,"gold_gain":0,"player_choice":"Max HP","damage_taken":0,"max_hp_gain":0,"max_hp_loss":4,"event_name":"Winding Halls","floor":37,"gold_loss":0},{"damage_healed":0,"gold_gain":0,"player_choice":"Paid","damage_taken":0,"relics_obtained":["Red Mask"],"max_hp_gain":0,"max_hp_loss":0,"event_name":"Tomb of Lord Red Mask","floor":45,"gold_loss":146}],"is_beta":true,"boss_relics":[{"not_picked":["Eternal Feather","White Beast Statue"],"picked":"Black Star"},{"not_picked":["Philosopher\u0027s Stone","WristBlade"],"picked":"Busted Crown"}],"items_purged_floors":[21,39],"is_endless":false,"potions_floor_spawned":[1,2,5,12,18,20,20,23,28,31,33,35,38],"killed_by":"Awakened One","ascension_level":20}