{"gold_per_floor":[210,210,222,222,242,242,269,344,368,384,384,384,399,434,434,434],"floor_reached":16,"playtime":478,"items_purged":[],"score":220,"play_id":"5eedcf16-c807-4db7-a544-68a8dfd4a6b5","local_time":"20190418161332","is_ascension_mode":true,"campfire_choices":[{"data":"Uppercut","floor":6,"key":"SMITH"},{"floor":12,"key":"REST"},{"data":"Flame Barrier","floor":15,"key":"SMITH"}],"neow_cost":"NONE","seed_source_timestamp":318911147938219,"circlet_count":0,"master_deck":["AscendersBane","Strike_R","Strike_R","Strike_R","Strike_R","Defend_R","Defend_R","Defend_R","Defend_R","Bash+1","Spot Weakness","Uppercut+1","Pummel+1","Shrug It Off","Feel No Pain","Flame Barrier+1","Dropkick"],"relics":["Burning Blood","Vajra","Bottled Lightning","Smiling Mask","Darkstone Periapt"],"potions_floor_usage":[7,10,13],"damage_taken":[{"damage":15,"enemies":"Small Slimes","floor":1,"turns":4},{"damage":17,"enemies":"2 Louse","floor":3,"turns":3},{"damage":9,"enemies":"Jaw Worm","floor":5,"turns":4},{"damage":8,"enemies":"Gremlin Nob","floor":7,"turns":3},{"damage":1,"enemies":"Exordium Wildlife","floor":10,"turns":5},{"damage":2,"enemies":"Gremlin Gang","floor":13,"turns":3},{"damage":25,"enemies":"Lagavulin","floor":14,"turns":5},{"damage":23,"enemies":"Hexaghost","floor":16,"turns":9}],"seed_played":"-8606129194837392192","potions_obtained":[{"floor":1,"key":"AttackPotion"},{"floor":5,"key":"Regen Potion"},{"floor":7,"key":"Explosive Potion"}],"is_trial":false,"path_per_floor":["M","?","M","?","M","R","E","?","T","M","?","R","M","E","R","B"],"character_chosen":"IRONCLAD","items_purchased":[],"campfire_rested":1,"item_purchase_floors":[],"current_hp_per_floor":[59,52,41,36,33,33,31,20,20,39,16,38,42,23,23,0],"gold":434,"neow_bonus":"HUNDRED_GOLD","is_prod":false,"is_daily":false,"chose_seed":false,"campfire_upgraded":2,"win_rate":0,"timestamp":1555629212,"path_taken":["M","?","M","?","M","R","E","?","T","M","?","R","M","E","R","BOSS"],"build_version":"2019-04-04","purchased_purges":0,"victory":false,"max_hp_per_floor":[75,75,75,75,75,75,75,75,75,75,75,75,75,75,75,75],"card_choices":[{"not_picked":["True Grit","Burning Pact"],"picked":"Spot Weakness","floor":1},{"not_picked":["Blood for Blood","Shrug It Off"],"picked":"Uppercut","floor":3},{"not_picked":["Feel No Pain","Seeing Red"],"picked":"Pummel","floor":5},{"not_picked":["Iron Wave","Carnage"],"picked":"Shrug It Off","floor":7},{"not_picked":["Sentinel","Clash"],"picked":"Feel No Pain","floor":10},{"not_picked":["Hemokinesis","Cleave"],"picked":"Flame Barrier","floor":13},{"not_picked":["Berserk","Entrench"],"picked":"Dropkick","floor":14}],"player_experience":5692418,"relics_obtained":[{"floor":7,"key":"Bottled Lightning"},{"floor":9,"key":"Smiling Mask"},{"floor":14,"key":"Darkstone Periapt"}],"event_choices":[{"cards_removed":["Strike_R"],"damage_healed":0,"gold_gain":0,"player_choice":"Card Removal","damage_taken":7,"max_hp_gain":0,"max_hp_loss":0,"event_name":"Golden Wing","floor":2,"gold_loss":0},{"damage_healed":0,"gold_gain":0,"player_choice":"Success","damage_taken":5,"relics_obtained":["Vajra"],"max_hp_gain":0,"max_hp_loss":0,"event_name":"Scrap Ooze","floor":4,"gold_loss":0},{"damage_healed":0,"gold_gain":75,"player_choice":"Gather Gold","damage_taken":11,"max_hp_gain":0,"max_hp_loss":0,"event_name":"World of Goop","floor":8,"gold_loss":0},{"damage_healed":0,"gold_gain":0,"player_choice":"Entered Light","damage_taken":23,"max_hp_gain":0,"max_hp_loss":0,"event_name":"Shining Light","floor":11,"gold_loss":0,"cards_upgraded":["Pummel","Bash"]}],"is_beta":true,"boss_relics":[],"items_purged_floors":[],"is_endless":false,"potions_floor_spawned":[1,5,7],"killed_by":"Hexaghost","ascension_level":20}