{"gold_per_floor":[112,131,206,206,72,103,103,17,17,58,109,109,149,172,172,265,265,285,285,410,430,430,430,473,473,473,473,494,494,532,556,556,645,645,665,140,158,158,172,172],"floor_reached":40,"playtime":3449,"items_purged":["Strike_G"],"score":930,"play_id":"c851dd7b-cd2c-4ec9-8992-19b590f8b4d5","local_time":"20190412120204","is_ascension_mode":true,"campfire_choices":[{"floor":7,"key":"REST"},{"floor":12,"key":"REST"},{"data":"Noxious Fumes","floor":15,"key":"SMITH"},{"floor":23,"key":"REST"},{"data":"Crippling Poison","floor":25,"key":"SMITH"},{"floor":29,"key":"REST"},{"data":"Dash","floor":32,"key":"SMITH"}],"neow_cost":"NONE","seed_source_timestamp":162403625437420,"circlet_count":0,"master_deck":["AscendersBane","Defend_G","Defend_G","Defend_G","Defend_G","Defend_G","Strike_G","Strike_G+1","Survivor","Neutralize+1","Flying Knee","Noxious Fumes+1","Crippling Poison+1","Backflip","Dodge and Roll","Dash+1","Deadly Poison+1","Writhe","Leg Sweep","Leg Sweep+1","Underhanded Strike","Adrenaline","Well Laid Plans+1","Adrenaline","Concentrate+1","Catalyst"],"relics":["Ring of the Serpent","Golden Idol","Bag of Preparation","Frozen Egg 2","Ornamental Fan","Regal Pillow","PreservedInsect","Snecko Eye","Bag of Marbles","FossilizedHelix","Pear","Whetstone","Lantern","ClockworkSouvenir"],"potions_floor_usage":[6,13,13,16,20,33,36,40],"damage_taken":[{"damage":1,"enemies":"2 Louse","floor":1,"turns":5},{"damage":7,"enemies":"Jaw Worm","floor":2,"turns":6},{"damage":14,"enemies":"3 Sentries","floor":6,"turns":8},{"damage":27,"enemies":"Lagavulin","floor":10,"turns":10},{"damage":22,"enemies":"Gremlin Nob","floor":13,"turns":4},{"damage":3,"enemies":"Cultist","floor":14,"turns":5},{"damage":27,"enemies":"The Guardian","floor":16,"turns":13},{"damage":13,"enemies":"Chosen","floor":18,"turns":5},{"damage":10,"enemies":"Colosseum Slavers","floor":20,"turns":5},{"damage":12,"enemies":"Colosseum Nobs","floor":20,"turns":4},{"damage":0,"enemies":"3 Byrds","floor":21,"turns":5},{"damage":14,"enemies":"Gremlin Leader","floor":24,"turns":5},{"damage":21,"enemies":"3 Cultists","floor":28,"turns":6},{"damage":0,"enemies":"Slavers","floor":30,"turns":4},{"damage":0,"enemies":"Snecko","floor":31,"turns":4},{"damage":38,"enemies":"Champ","floor":33,"turns":15},{"damage":0,"enemies":"3 Shapes","floor":35,"turns":5},{"damage":0,"enemies":"3 Darklings","floor":37,"turns":5},{"damage":31,"enemies":"Transient","floor":39,"turns":6},{"damage":53,"enemies":"Reptomancer","floor":40,"turns":6}],"seed_played":"5896059752794921648","potions_obtained":[{"floor":2,"key":"EssenceOfSteel"},{"floor":13,"key":"Weak Potion"},{"floor":14,"key":"Regen Potion"},{"floor":16,"key":"LiquidBronze"},{"floor":21,"key":"FearPotion"},{"floor":24,"key":"GhostInAJar"},{"floor":33,"key":"Fruit Juice"},{"floor":37,"key":"Strength Potion"}],"is_trial":false,"path_per_floor":["M","M","?","?","$","E","R","$","T","E","T","R","E","M","R","B",null,"M","?","?","M","?","R","E","R","T","?","M","R","E","M","R","B",null,"M","$","M","?","M","E"],"character_chosen":"THE_SILENT","items_purchased":["Noxious Fumes","SteroidPotion","FearPotion","Backflip","Lantern","ClockworkSouvenir","SteroidPotion"],"campfire_rested":4,"item_purchase_floors":[5,5,8,8,36,36,36],"current_hp_per_floor":[58,51,40,40,40,26,44,44,44,17,17,50,28,25,25,13,48,35,35,23,23,23,59,45,45,45,45,24,60,60,60,60,22,58,58,63,63,63,32,0],"gold":172,"neow_bonus":"REMOVE_CARD","is_prod":false,"is_daily":false,"chose_seed":false,"campfire_upgraded":3,"win_rate":0,"timestamp":1555095724,"path_taken":["M","M","?","?","$","E","R","$","T","E","?","R","E","M","R","BOSS","M","?","?","M","?","R","E","R","T","?","?","R","E","M","R","BOSS","M","$","M","?","M","E"],"build_version":"2019-04-04","purchased_purges":1,"victory":false,"max_hp_per_floor":[66,66,66,60,60,60,60,60,60,60,60,60,60,60,60,60,60,60,60,70,70,70,70,70,70,70,70,70,70,70,70,70,70,70,70,75,75,75,75,75],"card_choices":[{"not_picked":["Bane","Acrobatics"],"picked":"Flying Knee","floor":1},{"not_picked":["Deadly Poison","PiercingWail"],"picked":"Skewer","floor":2},{"not_picked":["Noxious Fumes","Dodge and Roll"],"picked":"Crippling Poison","floor":6},{"not_picked":["Burst","Sucker Punch","Concentrate"],"picked":"SKIP","floor":10},{"not_picked":["Tactician","Outmaneuver"],"picked":"Dodge and Roll","floor":13},{"not_picked":["Deflect","Blur"],"picked":"Dash","floor":14},{"not_picked":["Endless Agony","Prepared+1"],"picked":"Deadly Poison+1","floor":18},{"not_picked":["Sucker Punch","Slice","Cloak And Dagger"],"picked":"SKIP","floor":21},{"not_picked":["Tactician","Masterful Stab"],"picked":"Leg Sweep+1","floor":24},{"not_picked":["Dagger Throw+1","Outmaneuver","Underhanded Strike"],"picked":"SKIP","floor":28},{"not_picked":["Riddle With Holes","Acrobatics"],"picked":"Adrenaline","floor":30},{"not_picked":["Cloak And Dagger","Outmaneuver"],"picked":"Well Laid Plans+1","floor":31},{"not_picked":["Die Die Die","Tools of the Trade+1"],"picked":"Adrenaline","floor":33},{"not_picked":["Infinite Blades+1","Bane"],"picked":"Concentrate+1","floor":35},{"not_picked":["Dagger Throw","Flying Knee","Poisoned Stab"],"picked":"SKIP","floor":37},{"not_picked":["Underhanded Strike+1","Deadly Poison"],"picked":"Catalyst","floor":39}],"player_experience":5549438,"relics_obtained":[{"floor":6,"key":"Bag of Preparation"},{"floor":9,"key":"Frozen Egg 2"},{"floor":10,"key":"Ornamental Fan"},{"floor":11,"key":"Regal Pillow"},{"floor":13,"key":"PreservedInsect"},{"floor":20,"key":"FossilizedHelix"},{"floor":20,"key":"Pear"},{"floor":30,"key":"Whetstone"}],"event_choices":[{"damage_healed":0,"gold_gain":75,"player_choice":"Gather Gold","damage_taken":11,"max_hp_gain":0,"max_hp_loss":0,"event_name":"World of Goop","floor":3,"gold_loss":0},{"damage_healed":0,"gold_gain":0,"player_choice":"Lose Max HP","damage_taken":0,"relics_obtained":["Golden Idol"],"max_hp_gain":0,"max_hp_loss":6,"event_name":"Golden Idol","floor":4,"gold_loss":0},{"damage_healed":0,"gold_gain":0,"player_choice":"Opened","damage_taken":0,"relics_obtained":["Bag of Marbles"],"max_hp_gain":0,"max_hp_loss":0,"event_name":"The Mausoleum","floor":19,"gold_loss":0,"cards_obtained":["Writhe"]},{"damage_healed":0,"gold_gain":0,"player_choice":"Fight","damage_taken":0,"max_hp_gain":0,"max_hp_loss":0,"event_name":"Colosseum","floor":20,"gold_loss":0},{"damage_healed":0,"gold_gain":0,"player_choice":"Fought Nobs","damage_taken":0,"max_hp_gain":0,"max_hp_loss":0,"event_name":"Colosseum","floor":20,"gold_loss":0},{"damage_healed":0,"gold_gain":0,"player_choice":"Read","damage_taken":0,"max_hp_gain":0,"max_hp_loss":0,"event_name":"The Library","floor":22,"gold_loss":0,"cards_obtained":["Leg Sweep"]},{"damage_healed":0,"gold_gain":0,"cards_transformed":["Strike_G"],"player_choice":"Transformed","damage_taken":0,"max_hp_gain":0,"max_hp_loss":0,"event_name":"Transmorgrifier","floor":27,"gold_loss":0,"cards_obtained":["Underhanded Strike"]},{"cards_removed":["Skewer"],"damage_healed":0,"gold_gain":0,"player_choice":"Removed Attack","damage_taken":0,"max_hp_gain":0,"max_hp_loss":0,"event_name":"Falling","floor":38,"gold_loss":0}],"is_beta":true,"boss_relics":[{"not_picked":["Black Star","Eternal Feather"],"picked":"Snecko Eye"},{"not_picked":["Sozu","Runic Pyramid"],"picked":"Ring of the Serpent"}],"items_purged_floors":[36],"is_endless":false,"potions_floor_spawned":[2,13,14,16,18,21,24,33,37],"killed_by":"Reptomancer","ascension_level":20}