{"gold_per_floor":[109,120,270,61,73,73,73,73,73,99,99,99,117,146,146,222,222,240,220,237,248,259,259,7,7,7,39,58,90,35,69,69,144,144,162,1161,592,592,609,609,640,658,709,735,73,73,101,101,101,101],"floor_reached":50,"playtime":2052,"items_purged":["Doubt","Normality","Normality"],"score":1563,"play_id":"3b82bc69-118f-403c-9587-a8b8e02b4475","local_time":"20190415175526","is_ascension_mode":true,"campfire_choices":[{"data":"Dagger Spray","floor":6,"key":"SMITH"},{"data":"Neutralize","floor":8,"key":"SMITH"},{"data":"Corpse Explosion","floor":12,"key":"SMITH"},{"data":"Deadly Poison","floor":15,"key":"SMITH"},{"data":"Glass Knife","floor":23,"key":"SMITH"},{"floor":25,"key":"REST"},{"data":"Crippling Poison","floor":32,"key":"SMITH"},{"data":"Wraith Form v2","floor":40,"key":"SMITH"},{"data":"Catalyst","floor":46,"key":"SMITH"},{"floor":49,"key":"RECALL"}],"neow_cost":"NONE","seed_source_timestamp":64248928487800,"circlet_count":0,"master_deck":["AscendersBane","Defend_G","Defend_G+1","Defend_G","Defend_G+1","Defend_G","Strike_G","Strike_G","Survivor","Calculated Gamble","Backstab","Backstab","Dagger Spray+1","Corpse Explosion+1","Deadly Poison+1","Glass Knife+1","Adrenaline+1","Outmaneuver+1","Deadly Poison+1","Backflip","Dodge and Roll","Escape Plan","Corpse Explosion","Crippling Poison+1","Wraith Form v2+1","Dodge and Roll","Catalyst+1","PiercingWail","Escape Plan","Noxious Fumes"],"relics":["Ring of the Snake","Paper Crane","Lantern","Gambling Chip","Astrolabe","PreservedInsect","Ninja Scroll","Art of War","Vajra","Happy Flower","Runic Dome","Bag of Marbles","Centennial Puzzle","Shuriken","Dream Catcher","OrangePellets","Pantograph","Boot"],"potions_floor_usage":[10,16,21,33,33,50],"damage_taken":[{"damage":12,"enemies":"Jaw Worm","floor":1,"turns":7},{"damage":2,"enemies":"Small Slimes","floor":2,"turns":5},{"damage":0,"enemies":"2 Louse","floor":5,"turns":2},{"damage":10,"enemies":"Gremlin Nob","floor":10,"turns":4},{"damage":6,"enemies":"Looter","floor":13,"turns":2},{"damage":2,"enemies":"Lagavulin","floor":14,"turns":5},{"damage":25,"enemies":"Slime Boss","floor":16,"turns":8},{"damage":12,"enemies":"2 Thieves","floor":18,"turns":2},{"damage":0,"enemies":"Chosen","floor":20,"turns":3},{"damage":2,"enemies":"Snecko","floor":21,"turns":4},{"damage":0,"enemies":"Snake Plant","floor":22,"turns":3},{"damage":0,"enemies":"Gremlin Leader","floor":27,"turns":4},{"damage":0,"enemies":"Centurion and Healer","floor":28,"turns":2},{"damage":0,"enemies":"Slavers","floor":29,"turns":1},{"damage":0,"enemies":"Gremlin Leader","floor":31,"turns":3},{"damage":30,"enemies":"Collector","floor":33,"turns":5},{"damage":0,"enemies":"3 Darklings","floor":35,"turns":3},{"damage":0,"enemies":"3 Shapes","floor":39,"turns":1},{"damage":0,"enemies":"Nemesis","floor":41,"turns":5},{"damage":0,"enemies":"Jaw Worm Horde","floor":42,"turns":1},{"damage":0,"enemies":"Reptomancer","floor":44,"turns":4},{"damage":0,"enemies":"Giant Head","floor":47,"turns":5},{"damage":97,"enemies":"Time Eater","floor":50,"turns":9}],"seed_played":"2035723147218214021","potions_obtained":[{"floor":1,"key":"SneckoOil"},{"floor":5,"key":"EssenceOfSteel"},{"floor":10,"key":"FearPotion"},{"floor":14,"key":"Strength Potion"},{"floor":18,"key":"Ancient Potion"},{"floor":20,"key":"Block Potion"},{"floor":28,"key":"SteroidPotion"},{"floor":42,"key":"Explosive Potion"},{"floor":47,"key":"Poison Potion"}],"is_trial":false,"path_per_floor":["M","M","?","$","M","R","?","R","T","E","?","R","M","E","R","B",null,"M","?","M","M","M","R","$","R","T","E","M","E","$","E","R","B",null,"M","?","$","?","M","R","E","M","T","E","$","R","E","?","R","B"],"character_chosen":"THE_SILENT","items_purchased":["Fire Potion","Backstab","PreservedInsect","Fire Potion","Dodge and Roll","SteroidPotion","Catalyst","Bag of Marbles","Centennial Puzzle","PiercingWail","Noxious Fumes","OrangePellets","Pantograph"],"campfire_rested":1,"item_purchase_floors":[4,4,24,24,24,30,37,37,37,37,45,45,45],"current_hp_per_floor":[53,51,51,51,51,51,29,29,29,19,43,43,37,35,35,10,57,45,45,45,43,43,43,43,64,64,64,64,64,64,64,64,34,63,63,63,63,63,63,63,63,63,63,63,63,63,63,63,63,0],"gold":101,"neow_bonus":"TEN_PERCENT_HP_BONUS","is_prod":false,"is_daily":false,"chose_seed":false,"campfire_upgraded":8,"win_rate":0,"timestamp":1555376126,"path_taken":["M","M","?","$","M","R","?","R","T","E","?","R","M","E","R","BOSS","M","?","M","?","M","R","$","R","T","E","M","E","$","E","R","BOSS","M","?","$","?","M","R","E","M","T","E","$","R","E","?","R","BOSS"],"build_version":"2019-04-04","purchased_purges":3,"victory":false,"max_hp_per_floor":[72,72,72,72,72,72,72,72,72,72,72,72,72,72,72,72,72,72,72,72,72,72,72,72,72,72,72,72,72,72,72,72,72,72,72,72,72,72,72,72,72,72,72,72,72,72,72,68,68,68],"card_choices":[{"not_picked":["Reflex","Slice"],"picked":"Calculated Gamble","floor":1},{"not_picked":["Tactician","Bane"],"picked":"Backstab","floor":2},{"not_picked":["Finisher","Masterful Stab"],"picked":"Dagger Spray","floor":5},{"not_picked":["Deflect","Blade Dance"],"picked":"Corpse Explosion","floor":10},{"not_picked":["Riddle With Holes","Flechettes"],"picked":"Deadly Poison","floor":13},{"not_picked":["Distraction","Outmaneuver","Slice"],"picked":"SKIP","floor":14},{"not_picked":["Unload","Bullet Time"],"picked":"Glass Knife","floor":16},{"not_picked":["Sucker Punch","Accuracy","Acrobatics"],"picked":"SKIP","floor":18},{"not_picked":["Slice","Heel Hook","Reflex"],"picked":"SKIP","floor":20},{"not_picked":["Deadly Poison","Heel Hook","Slice"],"picked":"SKIP","floor":21},{"not_picked":["Heel Hook","Distraction+1"],"picked":"Backflip","floor":22},{"not_picked":["Flechettes","Bullet Time","Outmaneuver"],"picked":"SKIP","floor":27},{"not_picked":["Accuracy","Blade Dance"],"picked":"Escape Plan","floor":28},{"not_picked":["Caltrops","Quick Slash"],"picked":"Corpse Explosion","floor":29},{"not_picked":["Dagger Throw","Blade Dance"],"picked":"Crippling Poison","floor":31},{"not_picked":["Corpse Explosion","Adrenaline"],"picked":"Wraith Form v2","floor":33},{"not_picked":["Cloak And Dagger","Dagger Spray"],"picked":"Dodge and Roll","floor":35},{"not_picked":["Sucker Punch+1","All Out Attack","Flechettes"],"picked":"SKIP","floor":39},{"not_picked":["Caltrops","Concentrate"],"picked":"Escape Plan","floor":41},{"not_picked":["Predator","Doppelganger","Backstab"],"picked":"SKIP","floor":42},{"not_picked":["Endless Agony+1","Flying Knee","Deflect"],"picked":"SKIP","floor":44},{"not_picked":["Sucker Punch","Accuracy","Outmaneuver+1"],"picked":"SKIP","floor":47}],"player_experience":5627262,"relics_obtained":[{"floor":9,"key":"Paper Crane"},{"floor":10,"key":"Lantern"},{"floor":14,"key":"Gambling Chip"},{"floor":26,"key":"Ninja Scroll"},{"floor":27,"key":"Art of War"},{"floor":29,"key":"Vajra"},{"floor":31,"key":"Happy Flower"},{"floor":41,"key":"Shuriken"},{"floor":44,"key":"Dream Catcher"},{"floor":47,"key":"Boot"}],"event_choices":[{"damage_healed":0,"gold_gain":150,"player_choice":"AGREE","damage_taken":0,"max_hp_gain":0,"max_hp_loss":0,"event_name":"Liars Game","floor":3,"gold_loss":0,"cards_obtained":["Doubt"]},{"damage_healed":0,"gold_gain":0,"player_choice":"Entered Light","damage_taken":22,"max_hp_gain":0,"max_hp_loss":0,"event_name":"Shining Light","floor":7,"gold_loss":0,"cards_upgraded":["Defend_G","Defend_G"]},{"damage_healed":24,"gold_gain":0,"player_choice":"Banana","damage_taken":0,"max_hp_gain":0,"max_hp_loss":0,"event_name":"Big Fish","floor":11,"gold_loss":0},{"damage_healed":0,"gold_gain":0,"player_choice":"Bought 1 Potion","damage_taken":0,"max_hp_gain":0,"max_hp_loss":0,"event_name":"The Woman in Blue","floor":19,"gold_loss":0},{"damage_healed":0,"gold_gain":999,"player_choice":"Gold","damage_taken":0,"max_hp_gain":0,"max_hp_loss":0,"event_name":"MindBloom","floor":36,"gold_loss":0,"cards_obtained":["Normality","Normality"]},{"cards_removed":["Neutralize"],"damage_healed":0,"gold_gain":0,"player_choice":"Removed Attack","damage_taken":0,"max_hp_gain":0,"max_hp_loss":0,"event_name":"Falling","floor":38,"gold_loss":0},{"damage_healed":0,"gold_gain":0,"player_choice":"Max HP","damage_taken":0,"max_hp_gain":0,"max_hp_loss":4,"event_name":"Winding Halls","floor":48,"gold_loss":0}],"is_beta":true,"boss_relics":[{"not_picked":["Lizard Tail","HoveringKite"],"picked":"Astrolabe"},{"not_picked":["Ring of the Serpent","Pandora\u0027s Box"],"picked":"Runic Dome"}],"items_purged_floors":[4,37,45],"is_endless":false,"potions_floor_spawned":[1,5,10,14,18,20,28,31,42,47],"killed_by":"Time Eater","ascension_level":20}