{"gold_per_floor":[117,133,148,148,108,108,141,160,184,209,209,19,30,44,44,123,123,141,66,86,86,100,100,119,119,145,171,16,51,51,51,51,130,130,149,11,111,130,141,141,167,185,212,230,250,300,300,331,331,331,331,331,331,9,39,39],"floor_reached":57,"playtime":4613,"items_purged":["Strike_B","Strike_B","Decay"],"score":3174,"play_id":"bdaf90de-d736-43ec-869f-3669c854b1b8","local_time":"20190415191307","is_ascension_mode":true,"campfire_choices":[{"data":"1","floor":6,"key":"LIFT"},{"data":"2","floor":11,"key":"LIFT"},{"data":"Defragment","floor":15,"key":"SMITH"},{"data":"3","floor":23,"key":"LIFT"},{"floor":25,"key":"REST"},{"floor":32,"key":"REST"},{"floor":40,"key":"REST"},{"floor":47,"key":"RECALL"},{"floor":49,"key":"REST"},{"floor":53,"key":"REST"}],"neow_cost":"TEN_PERCENT_HP_LOSS","seed_source_timestamp":66315352909151,"circlet_count":0,"master_deck":["AscendersBane","Defend_B","Defend_B","Defend_B","Defend_B","Barrage+1","Reinforced Body","Chill","Compile Driver+1","Go for the Eyes","Compile Driver","Defragment+1","Doom and Gloom","Coolheaded","Core Surge","Static Discharge","Hologram+1","Glacier","Genetic Algorithm","Defragment","Coolheaded","Coolheaded","Sunder","Steam Power","Loop","Loop+1","Hologram","Hologram","Barrage","Recycle","White Noise","BootSequence+1","PanicButton","Compile Driver+1"],"relics":["Cracked Core","Girya","Art of War","Lantern","Oddly Smooth Stone","Bronze Scales","Fusion Hammer","Anchor","Strawberry","Smiling Mask","Inserter","Dead Branch","Whetstone","Thread and Needle","Omamori","OrangePellets","Symbiotic Virus"],"potions_floor_usage":[10,27,33,56,56],"damage_taken":[{"damage":0,"enemies":"Cultist","floor":1,"turns":3},{"damage":3,"enemies":"2 Louse","floor":2,"turns":3},{"damage":7,"enemies":"Jaw Worm","floor":3,"turns":4},{"damage":20,"enemies":"Lagavulin","floor":7,"turns":9},{"damage":1,"enemies":"2 Fungi Beasts","floor":8,"turns":3},{"damage":0,"enemies":"3 Sentries","floor":10,"turns":6},{"damage":2,"enemies":"Exordium Thugs","floor":13,"turns":3},{"damage":0,"enemies":"Exordium Wildlife","floor":14,"turns":3},{"damage":0,"enemies":"Hexaghost","floor":16,"turns":9},{"damage":0,"enemies":"Chosen","floor":18,"turns":3},{"damage":14,"enemies":"2 Thieves","floor":20,"turns":3},{"damage":0,"enemies":"Centurion and Healer","floor":22,"turns":7},{"damage":16,"enemies":"Cultist and Chosen","floor":24,"turns":6},{"damage":0,"enemies":"Slavers","floor":27,"turns":1},{"damage":27,"enemies":"Gremlin Leader","floor":29,"turns":7},{"damage":0,"enemies":"Champ","floor":33,"turns":20},{"damage":3,"enemies":"3 Darklings","floor":35,"turns":9},{"damage":4,"enemies":"Mind Bloom Boss Battle","floor":37,"turns":8},{"damage":3,"enemies":"Orb Walker","floor":38,"turns":3},{"damage":12,"enemies":"Transient","floor":39,"turns":6},{"damage":0,"enemies":"Nemesis","floor":41,"turns":13},{"damage":0,"enemies":"Sphere and 2 Shapes","floor":42,"turns":4},{"damage":0,"enemies":"Spire Growth","floor":44,"turns":7},{"damage":8,"enemies":"Jaw Worm Horde","floor":45,"turns":5},{"damage":4,"enemies":"2 Orb Walkers","floor":46,"turns":4},{"damage":26,"enemies":"Reptomancer","floor":48,"turns":7},{"damage":0,"enemies":"Donu and Deca","floor":50,"turns":13},{"damage":22,"enemies":"Time Eater","floor":51,"turns":16},{"damage":46,"enemies":"Shield and Spear","floor":55,"turns":9},{"damage":22,"enemies":"The Heart","floor":56,"turns":11}],"seed_played":"4013861459050975354","potions_obtained":[{"floor":2,"key":"GamblersBrew"},{"floor":3,"key":"Energy Potion"},{"floor":5,"key":"FairyPotion"},{"floor":5,"key":"EntropicBrew"},{"floor":7,"key":"SteroidPotion"},{"floor":14,"key":"SteroidPotion"},{"floor":18,"key":"AttackPotion"},{"floor":20,"key":"PowerPotion"},{"floor":27,"key":"LiquidBronze"},{"floor":37,"key":"EssenceOfSteel"},{"floor":38,"key":"SkillPotion"},{"floor":45,"key":"FocusPotion"}],"is_trial":false,"path_per_floor":["M","M","M","?","?","R","E","M","T","E","R","$","M","M","R","B",null,"M","?","M","?","M","R","M","R","T","E","$","E","?","?","R","B",null,"M","$","?","M","M","R","E","M","T","M","M","?","R","E","R","B","B",null,"R","$","E","B",null],"character_chosen":"DEFECT","items_purchased":["Defragment","Doom and Gloom","Coolheaded","Loop","OrangePellets","PanicButton"],"campfire_rested":5,"item_purchase_floors":[12,12,28,36,54,54],"current_hp_per_floor":[64,61,54,28,28,28,8,7,7,7,7,7,5,5,5,5,49,49,49,35,35,35,35,19,38,38,45,45,18,18,18,39,39,63,60,60,56,53,41,62,62,62,62,62,54,50,50,24,45,45,23,59,71,71,25,3],"gold":39,"neow_bonus":"ONE_RARE_RELIC","is_prod":false,"is_daily":false,"chose_seed":false,"campfire_upgraded":1,"win_rate":0,"timestamp":1555380787,"path_taken":["M","M","?","?","?","R","E","M","T","E","R","$","M","?","R","BOSS","M","?","M","?","M","R","?","R","T","E","$","E","?","?","R","BOSS","M","$","?","M","M","R","E","M","T","M","M","?","R","E","R","BOSS","BOSS","R","$","E","BOSS"],"build_version":"2019-04-04","purchased_purges":3,"victory":true,"max_hp_per_floor":[64,64,64,64,64,64,64,64,64,64,64,64,64,64,64,64,64,64,64,64,64,64,64,64,64,64,71,71,71,71,71,71,71,71,71,71,71,71,71,71,71,71,71,71,71,71,71,71,71,71,71,71,71,71,71,71],"card_choices":[{"not_picked":["Streamline","Rebound"],"picked":"Barrage","floor":1},{"not_picked":["Lockon","Auto Shields"],"picked":"Reinforced Body","floor":2},{"not_picked":["Gash","Turbo"],"picked":"Chill","floor":3},{"not_picked":["Melter","Reinforced Body"],"picked":"Compile Driver","floor":7},{"not_picked":["Conserve Battery","Scrape"],"picked":"Go for the Eyes","floor":8},{"not_picked":["Steam Power","Ball Lightning"],"picked":"Compile Driver","floor":10},{"not_picked":["Rebound","Redo"],"picked":"Coolheaded","floor":13},{"not_picked":["Recycle","Conserve Battery","Heatsinks"],"picked":"SKIP","floor":14},{"not_picked":["Multi-Cast","Amplify"],"picked":"Core Surge","floor":16},{"not_picked":["Leap","Ball Lightning"],"picked":"Static Discharge","floor":18},{"not_picked":["Cold Snap","Ball Lightning"],"picked":"Hologram+1","floor":20},{"not_picked":["Hologram","Cold Snap"],"picked":"Glacier","floor":22},{"not_picked":["Hello World","Turbo"],"picked":"Genetic Algorithm","floor":24},{"not_picked":["Conserve Battery+1","Double Energy"],"picked":"Defragment","floor":27},{"not_picked":["Leap","Gash+1"],"picked":"Coolheaded","floor":29},{"not_picked":["Double Energy","Sweeping Beam","Beam Cell"],"picked":"SKIP","floor":35},{"not_picked":["Ball Lightning","Conserve Battery"],"picked":"Loop+1","floor":37},{"not_picked":["Compile Driver","Lockon"],"picked":"Hologram","floor":38},{"not_picked":["Stack","Scrape","Compile Driver"],"picked":"SKIP","floor":39},{"not_picked":["FTL","Blizzard"],"picked":"Hologram","floor":41},{"not_picked":["Scrape","Streamline"],"picked":"Barrage","floor":42},{"not_picked":["Rebound","Multi-Cast"],"picked":"Recycle","floor":44},{"not_picked":["Redo+1","Go for the Eyes","Self Repair"],"picked":"SKIP","floor":45},{"not_picked":["Coolheaded","Hologram+1"],"picked":"White Noise","floor":46},{"not_picked":["Beam Cell","Blizzard"],"picked":"BootSequence+1","floor":48},{"not_picked":["Steam","Doom and Gloom"],"picked":"Compile Driver+1","floor":55}],"player_experience":5629314,"relics_obtained":[{"floor":7,"key":"Lantern"},{"floor":9,"key":"Oddly Smooth Stone"},{"floor":10,"key":"Bronze Scales"},{"floor":26,"key":"Anchor"},{"floor":27,"key":"Strawberry"},{"floor":29,"key":"Smiling Mask"},{"floor":37,"key":"Dead Branch"},{"floor":41,"key":"Whetstone"},{"floor":46,"key":"Thread and Needle"},{"floor":48,"key":"Omamori"},{"floor":55,"key":"Symbiotic Virus"}],"event_choices":[{"damage_healed":0,"gold_gain":0,"player_choice":"Success","damage_taken":26,"relics_obtained":["Art of War"],"max_hp_gain":0,"max_hp_loss":0,"event_name":"Scrap Ooze","floor":4,"gold_loss":0},{"damage_healed":0,"gold_gain":0,"player_choice":"Bought 3 Potions","damage_taken":0,"max_hp_gain":0,"max_hp_loss":0,"event_name":"The Woman in Blue","floor":5,"gold_loss":0},{"cards_removed":["Strike_B"],"damage_healed":0,"gold_gain":0,"player_choice":"Gave Gold","damage_taken":0,"max_hp_gain":0,"max_hp_loss":0,"event_name":"Beggar","floor":19,"gold_loss":75},{"cards_removed":["Strike_B"],"damage_healed":0,"gold_gain":0,"player_choice":"Card Removal","damage_taken":0,"max_hp_gain":0,"max_hp_loss":0,"event_name":"Wheel of Change","floor":21,"gold_loss":0},{"damage_healed":0,"gold_gain":0,"player_choice":"Smashed Altar","damage_taken":0,"max_hp_gain":0,"max_hp_loss":0,"event_name":"Forgotten Altar","floor":30,"gold_loss":0,"cards_obtained":["Decay"]},{"damage_healed":0,"gold_gain":0,"cards_transformed":["Zap","Dualcast"],"player_choice":"Became Test Subject","damage_taken":0,"max_hp_gain":0,"max_hp_loss":0,"event_name":"Drug Dealer","floor":31,"gold_loss":0,"cards_obtained":["Sunder","Steam Power"]},{"damage_healed":0,"gold_gain":0,"player_choice":"Fight","damage_taken":0,"max_hp_gain":0,"max_hp_loss":0,"event_name":"MindBloom","floor":37,"gold_loss":0},{"damage_healed":0,"gold_gain":0,"player_choice":"Fight","damage_taken":0,"max_hp_gain":0,"max_hp_loss":0,"event_name":"Mysterious Sphere","floor":46,"gold_loss":0}],"is_beta":true,"boss_relics":[{"not_picked":["Eternal Feather","Empty Cage"],"picked":"Fusion Hammer"},{"not_picked":["FrozenCore","Nuclear Battery"],"picked":"Inserter"}],"items_purged_floors":[12,28,36],"is_endless":false,"potions_floor_spawned":[2,3,7,14,18,20,27,37,38,39,45,48],"ascension_level":20}