{"gold_per_floor":[111,111,131,74,91,124,124,144,199,224,224,224,236,267,267,267],"floor_reached":16,"playtime":700,"items_purged":[],"score":240,"play_id":"77dae909-45ae-4099-aae0-7928e15dd1c8","local_time":"20190417131526","is_ascension_mode":true,"campfire_choices":[{"floor":7,"key":"REST"},{"floor":11,"key":"REST"},{"floor":15,"key":"REST"}],"neow_cost":"NONE","seed_source_timestamp":221604076515722,"circlet_count":0,"master_deck":["AscendersBane","Strike_B","Strike_B","Strike_B","Defend_B","Defend_B","Defend_B","Defend_B","Zap+1","Dualcast","Hologram","Barrage","Rainbow","Sweeping Beam","Consume","Coolheaded","Doom and Gloom","Hologram"],"relics":["Cracked Core","Boot","Art of War","Tiny Chest","Regal Pillow","Dream Catcher"],"potions_floor_usage":[6,10,10,14],"damage_taken":[{"damage":2,"enemies":"2 Louse","floor":1,"turns":2},{"damage":3,"enemies":"Small Slimes","floor":3,"turns":4},{"damage":0,"enemies":"Cultist","floor":5,"turns":3},{"damage":34,"enemies":"3 Sentries","floor":6,"turns":7},{"damage":12,"enemies":"Gremlin Gang","floor":8,"turns":5},{"damage":31,"enemies":"Gremlin Nob","floor":10,"turns":4},{"damage":13,"enemies":"3 Louse","floor":13,"turns":3},{"damage":20,"enemies":"3 Sentries","floor":14,"turns":5},{"damage":42,"enemies":"Hexaghost","floor":16,"turns":9}],"seed_played":"7960660085187580668","potions_obtained":[{"floor":3,"key":"LiquidBronze"},{"floor":6,"key":"AttackPotion"},{"floor":13,"key":"PowerPotion"}],"is_trial":false,"path_per_floor":["M","?","M","$","M","E","R","M","T","E","R","?","M","E","R","B"],"character_chosen":"DEFECT","items_purchased":["AttackPotion"],"campfire_rested":3,"item_purchase_floors":[4],"current_hp_per_floor":[62,62,59,59,59,25,46,34,34,3,39,39,26,6,42,0],"gold":267,"neow_bonus":"RANDOM_COMMON_RELIC","is_prod":false,"is_daily":false,"chose_seed":false,"campfire_upgraded":0,"win_rate":0,"timestamp":1555532126,"path_taken":["M","?","M","$","M","E","R","M","T","E","R","?","?","E","R","BOSS"],"build_version":"2019-04-04","purchased_purges":0,"victory":false,"max_hp_per_floor":[71,71,71,71,71,71,71,71,71,71,71,71,71,71,71,71],"card_choices":[{"not_picked":["Redo","Rebound"],"picked":"Hologram","floor":1},{"not_picked":["Coolheaded","Conserve Battery"],"picked":"Barrage","floor":3},{"not_picked":["Force Field","Steam"],"picked":"Rainbow","floor":5},{"not_picked":["Double Energy","Aggregate"],"picked":"Sweeping Beam","floor":6},{"not_picked":["Gash","Recycle","Steam"],"picked":"SKIP","floor":8},{"not_picked":["Rip and Tear","Lockon"],"picked":"Consume","floor":10},{"not_picked":["Go for the Eyes","FTL"],"picked":"Coolheaded","floor":13},{"not_picked":["Sweeping Beam","Storm"],"picked":"Doom and Gloom","floor":14},{"not_picked":["Sweeping Beam","Fusion"],"picked":"Hologram","floor":15}],"player_experience":5664280,"relics_obtained":[{"floor":6,"key":"Art of War"},{"floor":9,"key":"Tiny Chest"},{"floor":10,"key":"Regal Pillow"},{"floor":14,"key":"Dream Catcher"}],"event_choices":[{"damage_healed":0,"gold_gain":0,"player_choice":"Grow","damage_taken":0,"max_hp_gain":0,"max_hp_loss":0,"event_name":"Living Wall","floor":2,"gold_loss":0,"cards_upgraded":["Zap"]},{"cards_removed":["Strike_B"],"damage_healed":0,"gold_gain":0,"player_choice":"Purged","damage_taken":0,"max_hp_gain":0,"max_hp_loss":0,"event_name":"Purifier","floor":12,"gold_loss":0}],"is_beta":true,"boss_relics":[],"items_purged_floors":[],"is_endless":false,"potions_floor_spawned":[3,6,8,13],"killed_by":"Hexaghost","ascension_level":20}