{"gold_per_floor":[109,109,6,56,70,100,100,126,126,126,126,137,58,91,91,163,163,182,182,82,96,113,113,147,147,147,147,147],"floor_reached":28,"playtime":1221,"items_purged":["Strike_B","Strike_B"],"score":529,"play_id":"e103e69f-c57d-4bed-bbc2-968db13f3039","local_time":"20190420212641","is_ascension_mode":true,"campfire_choices":[{"floor":7,"key":"REST"},{"data":"Defragment","floor":15,"key":"SMITH"},{"data":"Electrodynamics","floor":23,"key":"SMITH"},{"data":"Barrage","floor":25,"key":"SMITH"},{"floor":27,"key":"REST"}],"neow_cost":"NONE","seed_source_timestamp":114582324208287,"circlet_count":0,"master_deck":["AscendersBane","Strike_B","Defend_B","Defend_B","Defend_B","Defend_B","Zap","Dualcast","Glacier","Barrage+1","Go for the Eyes","Core Surge","Capacitor","Defragment+1","Capacitor","Electrodynamics+1","Self Repair+1","Chill"],"relics":["Cracked Core","Dodecahedron","Pear","Kunai","Bottled Lightning","Sundial","Velvet Choker","Frozen Egg 2","Nunchaku","Mummified Hand"],"potions_floor_usage":[24,28,28],"damage_taken":[{"damage":3,"enemies":"2 Louse","floor":1,"turns":4},{"damage":8,"enemies":"Small Slimes","floor":5,"turns":4},{"damage":45,"enemies":"Gremlin Nob","floor":6,"turns":6},{"damage":5,"enemies":"Lagavulin","floor":8,"turns":9},{"damage":0,"enemies":"Cultist","floor":12,"turns":3},{"damage":6,"enemies":"3 Sentries","floor":14,"turns":12},{"damage":19,"enemies":"The Guardian","floor":16,"turns":13},{"damage":7,"enemies":"Chosen","floor":18,"turns":6},{"damage":6,"enemies":"Shell Parasite","floor":21,"turns":5},{"damage":6,"enemies":"Snecko","floor":22,"turns":6},{"damage":34,"enemies":"Gremlin Leader","floor":24,"turns":5},{"damage":59,"enemies":"Slavers","floor":28,"turns":3}],"seed_played":"4253067737582711236","potions_obtained":[{"floor":6,"key":"SpeedPotion"},{"floor":8,"key":"Poison Potion"},{"floor":24,"key":"Weak Potion"}],"is_trial":false,"path_per_floor":["M","?","$","?","M","E","R","E","T","?","T","M","$","E","R","B",null,"M","T","$","M","M","R","E","R","T","R","E"],"character_chosen":"DEFECT","items_purchased":["Barrage","Defragment"],"campfire_rested":2,"item_purchase_floors":[3,13],"current_hp_per_floor":[68,73,73,73,65,20,44,49,49,42,42,42,42,36,36,17,74,67,67,67,61,55,55,31,31,31,58,0],"gold":147,"neow_bonus":"TEN_PERCENT_HP_BONUS","is_prod":false,"is_daily":false,"chose_seed":false,"campfire_upgraded":3,"win_rate":0,"timestamp":1555820801,"path_taken":["M","?","$","?","?","E","R","E","T","?","?","?","?","E","R","BOSS","M","?","$","M","M","R","E","R","T","R","E"],"build_version":"2019-04-20","purchased_purges":2,"victory":false,"max_hp_per_floor":[78,83,83,83,83,83,83,93,93,93,93,93,93,93,93,93,93,93,93,93,93,93,93,93,93,93,93,93],"card_choices":[{"not_picked":["Compile Driver","Steam"],"picked":"Glacier","floor":1},{"not_picked":["Fusion","Consume"],"picked":"Go for the Eyes","floor":5},{"not_picked":["Scrape","Skim","Conserve Battery"],"picked":"SKIP","floor":6},{"not_picked":["Conserve Battery","Static Discharge"],"picked":"Core Surge","floor":8},{"not_picked":["Consume","Chill"],"picked":"Capacitor","floor":12},{"not_picked":["Darkness","Turbo"],"picked":"Capacitor","floor":14},{"not_picked":["Hyperbeam","Core Surge"],"picked":"Electrodynamics","floor":16},{"not_picked":["Steam","Streamline","Lockon+1"],"picked":"SKIP","floor":18},{"not_picked":["Go for the Eyes","Auto Shields","Beam Cell"],"picked":"SKIP","floor":21},{"not_picked":["Cold Snap","Gash"],"picked":"Self Repair+1","floor":22},{"not_picked":["Melter","Double Energy"],"picked":"Chill","floor":24}],"player_experience":5744248,"relics_obtained":[{"floor":6,"key":"Dodecahedron"},{"floor":8,"key":"Pear"},{"floor":9,"key":"Kunai"},{"floor":11,"key":"Bottled Lightning"},{"floor":14,"key":"Sundial"},{"floor":19,"key":"Frozen Egg 2"},{"floor":24,"key":"Nunchaku"},{"floor":26,"key":"Mummified Hand"}],"event_choices":[{"damage_healed":0,"gold_gain":0,"player_choice":"Donut","damage_taken":0,"max_hp_gain":5,"max_hp_loss":0,"event_name":"Big Fish","floor":2,"gold_loss":0},{"damage_healed":0,"gold_gain":50,"player_choice":"Pray","damage_taken":0,"max_hp_gain":0,"max_hp_loss":0,"event_name":"Golden Shrine","floor":4,"gold_loss":0},{"cards_removed":["Strike_B"],"damage_healed":0,"gold_gain":0,"player_choice":"Card Removal","damage_taken":7,"max_hp_gain":0,"max_hp_loss":0,"event_name":"Golden Wing","floor":10,"gold_loss":0}],"is_beta":true,"boss_relics":[{"not_picked":["Sozu","Black Star"],"picked":"Velvet Choker"}],"items_purged_floors":[3,20],"is_endless":false,"potions_floor_spawned":[6,8,18,21,24],"killed_by":"Slavers","ascension_level":20}