{"gold_per_floor":[115,128,140,157,167,225,225,250,295,12,22,22,53,53,65,151,163,192,224,236,248,270,316,341,353,419,431,454,142,142,154,154,227,227,241,259,259,16,16],"floor_reached":39,"playtime":3145,"items_purged":["Bite","Writhe"],"score":921,"play_id":"09ee7904-988b-4861-abae-ed8ddf934c8a","local_time":"20190412142143","is_ascension_mode":true,"campfire_choices":[{"data":"Whirlwind","floor":7,"key":"SMITH"},{"data":"Clothesline","floor":15,"key":"SMITH"},{"data":"Feel No Pain","floor":25,"key":"SMITH"},{"data":"Flame Barrier","floor":27,"key":"SMITH"},{"data":"Feel No Pain","floor":32,"key":"SMITH"}],"neow_cost":"NONE","seed_source_timestamp":171086464242458,"circlet_count":0,"master_deck":["AscendersBane","Defend_R+1","Defend_R+1","Defend_R+1","Defend_R+1","Bash","Feel No Pain+1","Anger","Whirlwind+1","Flame Barrier+1","Clothesline+1","True Grit+1","Warcry+1","Exhume+1","Flame Barrier+1","Bite","Bite","Bite","Bite","Reaper+1","Disarm+1","True Grit+1","Body Slam+1","Feel No Pain+1","Demon Form","Havoc+1","Feel No Pain","Pommel Strike+1","Spot Weakness+1","Headbutt+1"],"relics":["Burning Blood","Omamori","Tiny Chest","Regal Pillow","Toxic Egg 2","Letter Opener","MawBank","Cursed Key","Molten Egg 2","Blood Vial","Oddly Smooth Stone","Pear","Orrery"],"potions_floor_usage":[6,8,16,16,33,33],"damage_taken":[{"damage":12,"enemies":"Cultist","floor":1,"turns":4},{"damage":6,"enemies":"2 Louse","floor":2,"turns":3},{"damage":7,"enemies":"Small Slimes","floor":3,"turns":4},{"damage":11,"enemies":"2 Fungi Beasts","floor":4,"turns":3},{"damage":21,"enemies":"Large Slime","floor":5,"turns":7},{"damage":17,"enemies":"3 Sentries","floor":6,"turns":9},{"damage":0,"enemies":"Gremlin Nob","floor":8,"turns":2},{"damage":0,"enemies":"Exordium Wildlife","floor":11,"turns":2},{"damage":17,"enemies":"3 Sentries","floor":13,"turns":7},{"damage":29,"enemies":"The Guardian","floor":16,"turns":14},{"damage":9,"enemies":"2 Thieves","floor":18,"turns":4},{"damage":8,"enemies":"Chosen","floor":19,"turns":7},{"damage":15,"enemies":"Snake Plant","floor":22,"turns":6},{"damage":10,"enemies":"Gremlin Leader","floor":23,"turns":8},{"damage":29,"enemies":"Shelled Parasite and Fungi","floor":24,"turns":9},{"damage":10,"enemies":"Snecko","floor":28,"turns":8},{"damage":0,"enemies":"Centurion and Healer","floor":31,"turns":7},{"damage":71,"enemies":"Automaton","floor":33,"turns":16},{"damage":63,"enemies":"3 Darklings","floor":35,"turns":10},{"damage":52,"enemies":"3 Shapes","floor":36,"turns":17}],"seed_played":"8902745581843731807","potions_obtained":[{"floor":3,"key":"AttackPotion"},{"floor":4,"key":"AttackPotion"},{"floor":8,"key":"Regen Potion"},{"floor":13,"key":"PowerPotion"},{"floor":22,"key":"Dexterity Potion"},{"floor":23,"key":"Swift Potion"},{"floor":31,"key":"AttackPotion"}],"is_trial":false,"path_per_floor":["M","M","M","M","M","E","R","E","T","$","M","$","E","?","R","B",null,"M","M","?","?","M","E","M","R","T","R","M","$","?","M","R","B",null,"M","M","?","$","M"],"character_chosen":"IRONCLAD","items_purchased":["Toxic Egg 2","True Grit+1","Body Slam+1","Oddly Smooth Stone","Spot Weakness+1","Headbutt+1"],"campfire_rested":0,"item_purchase_floors":[10,29,29,29,38,38],"current_hp_per_floor":[62,62,61,56,41,30,30,36,36,36,42,42,31,31,31,23,62,59,57,52,52,49,52,45,45,45,45,52,52,62,62,62,19,51,62,62,62,62,0],"gold":16,"neow_bonus":"RANDOM_COMMON_RELIC","is_prod":false,"is_daily":false,"chose_seed":false,"campfire_upgraded":5,"win_rate":0,"timestamp":1555104103,"path_taken":["M","?","M","M","M","E","R","E","T","$","M","?","E","?","R","BOSS","M","M","?","?","M","E","M","R","T","R","M","$","?","M","R","BOSS","M","M","?","$","M"],"build_version":"2019-04-04","purchased_purges":2,"victory":false,"max_hp_per_floor":[75,75,75,75,75,75,75,75,75,75,75,75,75,75,75,75,75,75,75,52,52,52,52,52,52,52,52,52,52,62,62,62,62,62,62,62,62,62,62],"card_choices":[{"not_picked":["Cleave","Evolve"],"picked":"Feel No Pain","floor":1},{"not_picked":["Heavy Blade","Flame Barrier"],"picked":"Anger","floor":2},{"not_picked":["Cleave","Dropkick"],"picked":"Whirlwind","floor":3},{"not_picked":["Anger","Second Wind"],"picked":"Thunderclap","floor":4},{"not_picked":["Dual Wield","Cleave"],"picked":"Flame Barrier","floor":5},{"not_picked":["Headbutt","Heavy Blade","Sentinel"],"picked":"SKIP","floor":6},{"not_picked":["Wild Strike","Rupture"],"picked":"Clothesline","floor":8},{"not_picked":["Twin Strike","Clash"],"picked":"True Grit+1","floor":11},{"not_picked":["Uppercut","Clothesline"],"picked":"Warcry+1","floor":13},{"not_picked":["Brutality","Berserk"],"picked":"Exhume+1","floor":16},{"not_picked":["Sword Boomerang","Headbutt"],"picked":"Flame Barrier+1","floor":18},{"not_picked":["Clash","Twin Strike","Dropkick"],"picked":"SKIP","floor":19},{"not_picked":["Sever Soul","Body Slam","Berserk"],"picked":"SKIP","floor":22},{"not_picked":["True Grit+1","Wild Strike"],"picked":"Reaper","floor":23},{"not_picked":["Reckless Charge+1","Flex+1","Second Wind+1"],"picked":"SKIP","floor":24},{"not_picked":["Iron Wave+1","Thunderclap+1"],"picked":"Disarm+1","floor":28},{"not_picked":["Headbutt+1","Clothesline+1"],"picked":"Feel No Pain","floor":31},{"not_picked":["Double Tap+1","Exhume+1"],"picked":"Demon Form","floor":33},{"not_picked":["Armaments+1","Sever Soul+1"],"picked":"Havoc+1","floor":34},{"not_picked":["Hemokinesis+1","Perfected Strike+1"],"picked":"Feel No Pain","floor":34},{"not_picked":["Rupture","Rage+1"],"picked":"Pommel Strike+1","floor":34},{"not_picked":["Anger+1","Ghostly Armor+1","Searing Blow+1"],"picked":"SKIP","floor":35},{"not_picked":["Metallicize","Dropkick+1","Clothesline+1"],"picked":"SKIP","floor":36}],"player_experience":5557921,"relics_obtained":[{"floor":6,"key":"Tiny Chest"},{"floor":8,"key":"Regal Pillow"},{"floor":13,"key":"Letter Opener"},{"floor":23,"key":"Molten Egg 2"},{"floor":26,"key":"Blood Vial"}],"event_choices":[{"damage_healed":0,"gold_gain":0,"player_choice":"Box","damage_taken":0,"relics_obtained":["MawBank"],"max_hp_gain":0,"max_hp_loss":0,"event_name":"Big Fish","floor":14,"gold_loss":0,"cards_obtained":["Regret"]},{"damage_healed":0,"gold_gain":0,"player_choice":"Became a vampire","damage_taken":0,"max_hp_gain":0,"max_hp_loss":23,"event_name":"Vampires","floor":20,"gold_loss":0,"cards_obtained":["Bite","Bite","Bite","Bite","Bite"]},{"damage_healed":0,"gold_gain":0,"player_choice":"Simplicity","damage_taken":0,"max_hp_gain":0,"max_hp_loss":0,"event_name":"Back to Basics","floor":21,"gold_loss":0,"cards_upgraded":["Defend_R","Defend_R","Defend_R","Defend_R"]},{"damage_healed":0,"gold_gain":0,"player_choice":"Opened","damage_taken":0,"relics_obtained":["Pear"],"max_hp_gain":0,"max_hp_loss":0,"event_name":"The Mausoleum","floor":30,"gold_loss":0,"cards_obtained":["Writhe"]},{"cards_removed":["Thunderclap"],"damage_healed":0,"gold_gain":0,"player_choice":"Removed Attack","damage_taken":0,"max_hp_gain":0,"max_hp_loss":0,"event_name":"Falling","floor":37,"gold_loss":0}],"is_beta":true,"boss_relics":[{"not_picked":["Astrolabe","Calling Bell"],"picked":"Cursed Key"},{"not_picked":["Lizard Tail","Fusion Hammer"],"picked":"Orrery"}],"items_purged_floors":[29,38],"is_endless":false,"potions_floor_spawned":[3,4,8,13,22,23,31],"killed_by":"Sphere and 2 Shapes","ascension_level":20}