{"gold_per_floor":[117,117,131,145,145,145,174,174,197,197,197,216,48,61,61,137,137,151,168,168,218,218],"floor_reached":22,"playtime":1383,"items_purged":[],"score":368,"play_id":"100c29a2-70bb-4214-8148-3681355cde5f","local_time":"20190422134130","is_ascension_mode":true,"campfire_choices":[{"data":"Uppercut","floor":6,"key":"SMITH"},{"data":"Juggernaut","floor":8,"key":"SMITH"},{"data":"Shrug It Off","floor":11,"key":"SMITH"},{"data":"Hemokinesis","floor":15,"key":"SMITH"}],"neow_cost":"TEN_PERCENT_HP_LOSS","seed_source_timestamp":4749664171629,"circlet_count":0,"master_deck":["AscendersBane","Strike_R+1","Strike_R","Defend_R","Defend_R+1","Defend_R","Defend_R","Bash+1","Juggernaut+1","Uppercut+1","Shrug It Off+1","Feel No Pain","Hemokinesis+1","Fiend Fire","Limit Break+1","Infernal Blade+1","Sever Soul+1","Intimidate"],"relics":["Burning Blood","Centennial Puzzle","Happy Flower","PreservedInsect","Astrolabe"],"potions_floor_usage":[12,16,16],"damage_taken":[{"damage":8,"enemies":"2 Louse","floor":1,"turns":5},{"damage":1,"enemies":"Cultist","floor":3,"turns":4},{"damage":8,"enemies":"Jaw Worm","floor":4,"turns":5},{"damage":24,"enemies":"3 Sentries","floor":7,"turns":8},{"damage":15,"enemies":"Red Slaver","floor":12,"turns":4},{"damage":10,"enemies":"Lots of Slimes","floor":14,"turns":5},{"damage":13,"enemies":"Slime Boss","floor":16,"turns":9},{"damage":9,"enemies":"Chosen","floor":18,"turns":4},{"damage":10,"enemies":"Shell Parasite","floor":19,"turns":2},{"damage":44,"enemies":"Shelled Parasite and Fungi","floor":22,"turns":3}],"seed_played":"4318341401573213324","potions_obtained":[{"floor":7,"key":"PowerPotion"},{"floor":10,"key":"Regen Potion"},{"floor":12,"key":"SteroidPotion"},{"floor":19,"key":"Fire Potion"}],"is_trial":false,"path_per_floor":["M","?","M","M","?","R","E","R","T","?","R","M","$","M","R","B",null,"M","M","?","?","M"],"character_chosen":"IRONCLAD","items_purchased":["PreservedInsect"],"campfire_rested":0,"item_purchase_floors":[13],"current_hp_per_floor":[66,66,68,66,46,46,28,28,28,28,28,31,31,27,27,20,56,53,49,30,30,0],"gold":218,"neow_bonus":"THREE_RARE_CARDS","is_prod":false,"is_daily":false,"chose_seed":false,"campfire_upgraded":4,"win_rate":0,"timestamp":1555965690,"path_taken":["M","?","M","?","?","R","E","R","T","?","R","M","$","M","R","BOSS","M","M","?","?","?"],"build_version":"2019-04-21","purchased_purges":0,"victory":false,"max_hp_per_floor":[68,68,68,68,68,68,68,68,68,68,68,68,68,68,68,68,68,68,68,73,73,73],"card_choices":[{"not_picked":["Brutality","Impervious"],"picked":"Juggernaut","floor":0},{"not_picked":["Clash","Havoc","Entrench"],"picked":"SKIP","floor":1},{"not_picked":["Burning Pact","Ghostly Armor"],"picked":"Uppercut","floor":3},{"not_picked":["Clothesline","Pommel Strike","Sword Boomerang"],"picked":"SKIP","floor":4},{"not_picked":["Searing Blow","Wild Strike"],"picked":"Shrug It Off","floor":7},{"not_picked":["Burning Pact","Perfected Strike"],"picked":"Feel No Pain","floor":12},{"not_picked":["Flex","Body Slam"],"picked":"Hemokinesis","floor":14},{"not_picked":["Dark Embrace","Demon Form"],"picked":"Fiend Fire","floor":16},{"not_picked":["Armaments","Twin Strike"],"picked":"Intimidate","floor":18},{"not_picked":["Sword Boomerang","Cleave+1","Clash"],"picked":"SKIP","floor":19}],"player_experience":5760534,"relics_obtained":[{"floor":7,"key":"Centennial Puzzle"},{"floor":9,"key":"Happy Flower"}],"event_choices":[{"damage_healed":0,"gold_gain":0,"player_choice":"Upgraded","damage_taken":0,"max_hp_gain":0,"max_hp_loss":0,"event_name":"Upgrade Shrine","floor":2,"gold_loss":0,"cards_upgraded":["Bash"]},{"damage_healed":0,"gold_gain":0,"player_choice":"Entered Light","damage_taken":20,"max_hp_gain":0,"max_hp_loss":0,"event_name":"Shining Light","floor":5,"gold_loss":0,"cards_upgraded":["Strike_R","Defend_R"]},{"damage_healed":0,"gold_gain":0,"player_choice":"Got Potions","damage_taken":0,"max_hp_gain":0,"max_hp_loss":0,"event_name":"Lab","floor":10,"gold_loss":0},{"damage_healed":0,"gold_gain":0,"player_choice":"Shed Blood","damage_taken":24,"max_hp_gain":5,"max_hp_loss":0,"event_name":"Forgotten Altar","floor":20,"gold_loss":0},{"damage_healed":0,"gold_gain":50,"player_choice":"Pray","damage_taken":0,"max_hp_gain":0,"max_hp_loss":0,"event_name":"Golden Shrine","floor":21,"gold_loss":0}],"is_beta":true,"boss_relics":[{"not_picked":["Empty Cage","Eternal Feather"],"picked":"Astrolabe"}],"items_purged_floors":[],"is_endless":false,"potions_floor_spawned":[7,12,19],"killed_by":"Shelled Parasite and Fungi","ascension_level":20}