{"gold_per_floor":[212,212,53,63,83,83,114,114,168,49,82,108,120,190,202,286,298,326,338,265,297,51,51,81,81,81,81,96,106,106,117,117,193,193,207,41,41,41,55,384,399,429,456,481,481,481,494,507,507,507,507,507,507,135,166,166],"floor_reached":57,"playtime":4648,"items_purged":["Strike_B","Strike_B","Dualcast"],"score":2686,"play_id":"3b03a104-164b-46bf-ae93-ec3eca232376","local_time":"20190416181406","is_ascension_mode":true,"campfire_choices":[{"data":"Sweeping Beam","floor":6,"key":"SMITH"},{"data":"Consume","floor":8,"key":"SMITH"},{"data":"Capacitor","floor":13,"key":"SMITH"},{"data":"Barrage","floor":15,"key":"SMITH"},{"data":"Self Repair","floor":23,"key":"SMITH"},{"data":"Machine Learning","floor":27,"key":"SMITH"},{"data":"Defragment","floor":30,"key":"SMITH"},{"data":"Coolheaded","floor":32,"key":"SMITH"},{"floor":46,"key":"RECALL"},{"data":"Loop","floor":49,"key":"SMITH"},{"data":"Hologram","floor":53,"key":"SMITH"}],"neow_cost":"NONE","seed_source_timestamp":149155107712005,"circlet_count":0,"master_deck":["AscendersBane","Defend_B","Defend_B","Defend_B","Defend_B","Zap+1","Ball Lightning","Self Repair+1","Consume+1","Sweeping Beam+1","Genetic Algorithm","Capacitor+1","Glacier","Capacitor","Coolheaded+1","Barrage+1","Electrodynamics","Turbo","RitualDagger","Go for the Eyes","Echo Form","Sunder+1","Machine Learning+1","Core Surge","Defragment+1","Double Energy+1","Amplify","Loop+1","Reinforced Body","Storm+1","Cold Snap","Echo Form","Hologram+1","Seek","Genetic Algorithm","Defragment+1"],"relics":["Cracked Core","Blood Vial","Anchor","MawBank","Bottled Flame","Runic Pyramid","Lantern","Centennial Puzzle","Coffee Dripper","Old Coin","Mercury Hourglass","Omamori","Incense Burner","DollysMirror","Pantograph"],"potions_floor_usage":[11,16,16,24,33,56,56],"damage_taken":[{"damage":2,"enemies":"Jaw Worm","floor":1,"turns":3},{"damage":6,"enemies":"Cultist","floor":4,"turns":3},{"damage":1,"enemies":"2 Louse","floor":5,"turns":3},{"damage":25,"enemies":"Lagavulin","floor":7,"turns":5},{"damage":11,"enemies":"Gremlin Nob","floor":11,"turns":3},{"damage":2,"enemies":"Looter","floor":12,"turns":4},{"damage":13,"enemies":"3 Sentries","floor":14,"turns":9},{"damage":33,"enemies":"Slime Boss","floor":16,"turns":7},{"damage":1,"enemies":"Chosen","floor":18,"turns":7},{"damage":1,"enemies":"Shell Parasite","floor":21,"turns":7},{"damage":33,"enemies":"Slavers","floor":24,"turns":4},{"damage":0,"enemies":"Snecko","floor":28,"turns":4},{"damage":27,"enemies":"Centurion and Healer","floor":29,"turns":7},{"damage":1,"enemies":"3 Cultists","floor":31,"turns":4},{"damage":3,"enemies":"Collector","floor":33,"turns":9},{"damage":19,"enemies":"3 Darklings","floor":35,"turns":5},{"damage":1,"enemies":"Orb Walker","floor":39,"turns":4},{"damage":8,"enemies":"Nemesis","floor":40,"turns":7},{"damage":5,"enemies":"3 Darklings","floor":41,"turns":4},{"damage":53,"enemies":"Reptomancer","floor":42,"turns":5},{"damage":29,"enemies":"Nemesis","floor":44,"turns":7},{"damage":5,"enemies":"Writhing Mass","floor":47,"turns":5},{"damage":6,"enemies":"Maw","floor":48,"turns":6},{"damage":58,"enemies":"Donu and Deca","floor":50,"turns":11},{"damage":24,"enemies":"Time Eater","floor":51,"turns":12},{"damage":18,"enemies":"Shield and Spear","floor":55,"turns":6},{"damage":11,"enemies":"The Heart","floor":56,"turns":9}],"seed_played":"-7689767539467148226","potions_obtained":[{"floor":1,"key":"AttackPotion"},{"floor":11,"key":"Strength Potion"},{"floor":12,"key":"Explosive Potion"},{"floor":16,"key":"EssenceOfSteel"},{"floor":24,"key":"Ancient Potion"},{"floor":28,"key":"Dexterity Potion"},{"floor":31,"key":"GamblersBrew"},{"floor":41,"key":"FocusPotion"},{"floor":44,"key":"SpeedPotion"},{"floor":45,"key":"FocusPotion"},{"floor":48,"key":"GamblersBrew"}],"is_trial":false,"path_per_floor":["M","?","$","M","M","R","E","R","T","$","E","M","R","?","R","B",null,"M","?","?","M","$","R","E","?","T","R","M","M","R","M","R","B",null,"M","$","?","$","M","E","M","E","T","E","?","R","M","M","R","B","B",null,"R","$","E","B",null],"character_chosen":"DEFECT","items_purchased":["Self Repair","Capacitor","Glacier","Echo Form","Reinforced Body","Seek","DollysMirror"],"campfire_rested":0,"item_purchase_floors":[3,10,10,22,36,54,54],"current_hp_per_floor":[62,62,62,63,69,69,51,51,51,51,49,49,49,45,45,14,57,65,59,59,67,67,67,36,36,36,36,58,53,53,64,64,71,71,71,71,71,71,71,71,71,38,38,31,31,31,58,71,71,43,51,66,66,66,70,70],"gold":166,"neow_bonus":"HUNDRED_GOLD","is_prod":false,"is_daily":false,"chose_seed":false,"campfire_upgraded":10,"win_rate":0,"timestamp":1555463646,"path_taken":["M","?","?","M","M","R","E","R","T","$","E","M","R","?","R","BOSS","M","?","?","?","$","R","E","?","T","R","M","M","R","M","R","BOSS","M","$","?","?","M","E","M","E","T","E","?","R","M","M","R","BOSS","BOSS","R","$","E","BOSS"],"build_version":"2019-04-04","purchased_purges":3,"victory":true,"max_hp_per_floor":[71,71,71,71,71,71,71,71,71,71,71,71,71,71,71,71,71,71,71,71,71,71,71,71,71,71,71,71,71,71,71,71,71,71,71,71,71,71,71,71,71,71,71,71,71,71,71,71,71,71,71,71,71,71,71,71],"card_choices":[{"not_picked":["Loop","Steam"],"picked":"Ball Lightning","floor":1},{"not_picked":["Chaos","Beam Cell"],"picked":"Consume","floor":4},{"not_picked":["Gash","Aggregate"],"picked":"Sweeping Beam","floor":5},{"not_picked":["Darkness","Reinforced Body"],"picked":"Genetic Algorithm","floor":7},{"not_picked":["Barrage","Chaos"],"picked":"Capacitor","floor":11},{"not_picked":["Steam","Barrage"],"picked":"Coolheaded","floor":12},{"not_picked":["Aggregate","Ball Lightning"],"picked":"Barrage","floor":14},{"not_picked":["Meteor Strike","All For One"],"picked":"Electrodynamics","floor":16},{"not_picked":["Steam Power","Gash"],"picked":"Turbo","floor":18},{"not_picked":["Steam","White Noise"],"picked":"Go for the Eyes","floor":21},{"not_picked":["Rebound","Streamline+1"],"picked":"Sunder+1","floor":24},{"not_picked":["Sunder","Steam Power"],"picked":"Defragment","floor":28},{"not_picked":["Auto Shields","Fusion"],"picked":"Double Energy+1","floor":29},{"not_picked":["Scrape","Streamline","Rebound"],"picked":"SKIP","floor":31},{"not_picked":["Core Surge","Electrodynamics"],"picked":"Amplify","floor":33},{"not_picked":["Gash","Redo"],"picked":"Loop","floor":35},{"not_picked":["Reprogram","Cold Snap","Sweeping Beam"],"picked":"SKIP","floor":39},{"not_picked":["Conserve Battery","Capacitor+1"],"picked":"Storm+1","floor":40},{"not_picked":["Stack+1","Loop"],"picked":"Cold Snap","floor":41},{"not_picked":["Stack","Hello World"],"picked":"Echo Form","floor":42},{"not_picked":["Storm","Sweeping Beam"],"picked":"Hologram","floor":44},{"not_picked":["Streamline","Turbo","Cold Snap"],"picked":"SKIP","floor":47},{"not_picked":["Barrage","Go for the Eyes","Leap"],"picked":"SKIP","floor":48},{"not_picked":["Biased Cognition","Hello World"],"picked":"Defragment+1","floor":55}],"player_experience":5651034,"relics_obtained":[{"floor":7,"key":"Blood Vial"},{"floor":9,"key":"Anchor"},{"floor":11,"key":"MawBank"},{"floor":14,"key":"Bottled Flame"},{"floor":24,"key":"Centennial Puzzle"},{"floor":40,"key":"Old Coin"},{"floor":42,"key":"Mercury Hourglass"},{"floor":43,"key":"Omamori"},{"floor":44,"key":"Incense Burner"},{"floor":55,"key":"Pantograph"}],"event_choices":[{"damage_healed":0,"gold_gain":0,"player_choice":"Upgraded","damage_taken":0,"max_hp_gain":0,"max_hp_loss":0,"event_name":"Upgrade Shrine","floor":2,"gold_loss":0,"cards_upgraded":["Zap"]},{"damage_healed":0,"gold_gain":0,"player_choice":"Searched \u00271\u0027 times","damage_taken":0,"max_hp_gain":0,"max_hp_loss":0,"event_name":"Dead Adventurer","floor":14,"gold_loss":0},{"damage_healed":0,"gold_gain":0,"player_choice":"Joined the Cult","damage_taken":6,"max_hp_gain":0,"max_hp_loss":0,"event_name":"Nest","floor":19,"gold_loss":0,"cards_obtained":["RitualDagger"]},{"damage_healed":0,"gold_gain":0,"player_choice":"Obtained Relic","damage_taken":0,"relics_obtained":["Lantern"],"max_hp_gain":0,"max_hp_loss":0,"event_name":"Addict","floor":20,"gold_loss":85},{"damage_healed":0,"gold_gain":0,"cards_transformed":["Strike_B","Strike_B"],"player_choice":"Became Test Subject","damage_taken":0,"max_hp_gain":0,"max_hp_loss":0,"event_name":"Drug Dealer","floor":25,"gold_loss":0,"cards_obtained":["Machine Learning","Core Surge"]},{"damage_healed":0,"gold_gain":0,"player_choice":"0 cards matched","damage_taken":0,"max_hp_gain":0,"max_hp_loss":0,"event_name":"Match and Keep!","floor":37,"gold_loss":0,"cards_obtained":[]},{"damage_healed":0,"gold_gain":0,"player_choice":"Got Potions","damage_taken":0,"max_hp_gain":0,"max_hp_loss":0,"event_name":"Lab","floor":45,"gold_loss":0}],"is_beta":true,"boss_relics":[{"not_picked":["Inserter","Astrolabe"],"picked":"Runic Pyramid"},{"not_picked":["Runic Dome","FrozenCore"],"picked":"Coffee Dripper"}],"items_purged_floors":[3,22,36],"is_endless":false,"potions_floor_spawned":[1,11,12,14,16,24,28,31,41,44,48],"ascension_level":20}