{"gold_per_floor":[117,130,141,157,232,232,264,264,290,290,323,339,339,355,355,430,430,350,350,350,350,350,350,350,350,350,350,350,350,350,350,350,350,350,350,350,350,350,45,45,45,45,45,45,45,45,45,45,45,45,45,45,45,45,45,45],"floor_reached":57,"playtime":6198,"items_purged":[],"score":2895,"play_id":"c79dc6b2-72ea-4800-b748-cc58a9c3258f","local_time":"20190419174815","is_ascension_mode":true,"campfire_choices":[{"data":"Skewer","floor":6,"key":"SMITH"},{"data":"Neutralize","floor":8,"key":"SMITH"},{"data":"Bouncing Flask","floor":10,"key":"SMITH"},{"data":"Die Die Die","floor":13,"key":"SMITH"},{"data":"Well Laid Plans","floor":15,"key":"SMITH"},{"floor":23,"key":"REST"},{"data":"Die Die Die","floor":25,"key":"SMITH"},{"data":"Deadly Poison","floor":30,"key":"SMITH"},{"data":"Cloak And Dagger","floor":32,"key":"SMITH"},{"data":"Noxious Fumes","floor":46,"key":"SMITH"},{"floor":49,"key":"RECALL"},{"data":"A Thousand Cuts","floor":53,"key":"SMITH"}],"neow_cost":"NONE","seed_source_timestamp":10089174264111,"circlet_count":0,"master_deck":["AscendersBane","Defend_G","Defend_G","Defend_G","Defend_G","Defend_G","Survivor","Neutralize+1","Dagger Spray","Bouncing Flask+1","Skewer+1","Well Laid Plans+1","Die Die Die+1","PiercingWail","Blur","Deadly Poison+1","Dodge and Roll","Cloak And Dagger+1","Backflip","Deadly Poison+1","Bite","Bite","Bite","Bite","Bite","Backflip+1","Cloak And Dagger+1","Adrenaline","Deflect","Cloak And Dagger","Backflip","Backflip","Flechettes+1","After Image","Caltrops+1","A Thousand Cuts+1","Noxious Fumes+1","Catalyst+1","After Image"],"relics":["Ring of the Snake","Orichalcum","Bag of Preparation","Art of War","Ectoplasm","Anchor","Singing Bowl","Kunai","Black Star","Prayer Wheel","OrangePellets","Gremlin Horn","Bottled Tornado","Letter Opener","The Specimen","Happy Flower","Oddly Smooth Stone","Ancient Tea Set","Darkstone Periapt","Boot","Gambling Chip"],"potions_floor_usage":[7,18,24,24,28,40,45,55,56,56,56,56],"damage_taken":[{"damage":7,"enemies":"Cultist","floor":1,"turns":6},{"damage":0,"enemies":"Jaw Worm","floor":2,"turns":5},{"damage":0,"enemies":"2 Louse","floor":3,"turns":2},{"damage":8,"enemies":"Large Slime","floor":4,"turns":7},{"damage":17,"enemies":"3 Sentries","floor":7,"turns":6},{"damage":12,"enemies":"Lagavulin","floor":11,"turns":5},{"damage":0,"enemies":"2 Fungi Beasts","floor":12,"turns":3},{"damage":5,"enemies":"3 Louse","floor":14,"turns":2},{"damage":0,"enemies":"Slime Boss","floor":16,"turns":7},{"damage":4,"enemies":"2 Thieves","floor":18,"turns":3},{"damage":4,"enemies":"3 Byrds","floor":20,"turns":6},{"damage":14,"enemies":"Snecko","floor":21,"turns":4},{"damage":4,"enemies":"Snake Plant","floor":22,"turns":4},{"damage":18,"enemies":"Slavers","floor":24,"turns":5},{"damage":37,"enemies":"Gremlin Leader","floor":28,"turns":6},{"damage":0,"enemies":"Centurion and Healer","floor":29,"turns":12},{"damage":14,"enemies":"Book of Stabbing","floor":31,"turns":5},{"damage":53,"enemies":"Collector","floor":33,"turns":17},{"damage":1,"enemies":"Orb Walker","floor":35,"turns":3},{"damage":0,"enemies":"Mind Bloom Boss Battle","floor":36,"turns":8},{"damage":9,"enemies":"3 Darklings","floor":37,"turns":8},{"damage":0,"enemies":"4 Shapes","floor":38,"turns":4},{"damage":46,"enemies":"Reptomancer","floor":40,"turns":9},{"damage":0,"enemies":"Jaw Worm Horde","floor":42,"turns":11},{"damage":18,"enemies":"2 Orb Walkers","floor":44,"turns":5},{"damage":17,"enemies":"Nemesis","floor":45,"turns":9},{"damage":10,"enemies":"Giant Head","floor":48,"turns":11},{"damage":5,"enemies":"Awakened One","floor":50,"turns":19},{"damage":58,"enemies":"Donu and Deca","floor":51,"turns":15},{"damage":39,"enemies":"Shield and Spear","floor":55,"turns":16},{"damage":38,"enemies":"The Heart","floor":56,"turns":10}],"seed_played":"5328087335150763774","potions_obtained":[{"floor":1,"key":"Explosive Potion"},{"floor":2,"key":"GhostInAJar"},{"floor":16,"key":"Explosive Potion"},{"floor":18,"key":"FairyPotion"},{"floor":20,"key":"Fire Potion"},{"floor":24,"key":"Regen Potion"},{"floor":35,"key":"Poison Potion"},{"floor":40,"key":"SkillPotion"},{"floor":44,"key":"Fire Potion"},{"floor":47,"key":"GhostInAJar"},{"floor":47,"key":"EntropicBrew"},{"floor":55,"key":"Swift Potion"}],"is_trial":false,"path_per_floor":["M","M","M","M","?","R","E","R","T","R","E","M","R","M","R","B",null,"M","?","M","M","M","R","E","R","T","?","E","M","R","E","R","B",null,"M","?","M","M","$","E","?","M","T","?","E","R","?","E","R","B","B",null,"R","$","E","B",null],"character_chosen":"THE_SILENT","items_purchased":["After Image","OrangePellets"],"campfire_rested":1,"item_purchase_floors":[39,39],"current_hp_per_floor":[58,58,58,50,39,39,22,22,22,22,10,10,10,5,5,5,55,51,51,47,33,29,50,32,32,32,32,25,52,52,42,42,17,43,52,52,54,54,54,22,22,50,50,42,41,41,41,47,47,58,28,51,51,51,40,14],"gold":45,"neow_bonus":"TEN_PERCENT_HP_BONUS","is_prod":false,"is_daily":false,"chose_seed":false,"campfire_upgraded":10,"win_rate":0,"timestamp":1555721295,"path_taken":["M","M","?","M","?","R","E","R","T","R","E","M","R","M","R","BOSS","M","?","?","M","M","R","E","R","T","?","E","M","R","E","R","BOSS","M","?","M","M","$","E","?","M","T","?","E","R","?","E","R","BOSS","BOSS","R","$","E","BOSS"],"build_version":"2019-04-04","purchased_purges":0,"victory":true,"max_hp_per_floor":[72,72,72,72,72,72,72,72,72,72,72,72,72,72,72,72,72,72,72,72,72,72,72,72,72,72,50,52,52,52,52,52,52,52,52,52,54,54,54,54,54,56,56,58,58,58,58,58,58,58,58,58,58,58,58,58],"card_choices":[{"not_picked":["Finisher","Backflip"],"picked":"Dagger Spray","floor":1},{"not_picked":["Deadly Poison","Prepared"],"picked":"Bouncing Flask","floor":2},{"not_picked":["Prepared","Acrobatics","Masterful Stab"],"picked":"SKIP","floor":3},{"not_picked":["Dagger Spray","Bouncing Flask"],"picked":"Skewer","floor":4},{"not_picked":["Backflip","Bouncing Flask"],"picked":"Well Laid Plans","floor":7},{"not_picked":["Sucker Punch","Poisoned Stab"],"picked":"Die Die Die","floor":11},{"not_picked":["Sucker Punch","Slice"],"picked":"PiercingWail","floor":12},{"not_picked":["Flying Knee","Underhanded Strike"],"picked":"Blur","floor":14},{"not_picked":["Tools of the Trade","Venomology"],"picked":"Die Die Die","floor":16},{"not_picked":["Expertise","Outmaneuver"],"picked":"Deadly Poison+1","floor":18},{"not_picked":["Terror","Deflect"],"picked":"Cloak And Dagger+1","floor":20},{"not_picked":["Outmaneuver","Deflect","Riddle With Holes"],"picked":"SKIP","floor":21},{"not_picked":["Blade Dance","Dagger Spray"],"picked":"Backflip","floor":22},{"not_picked":["Bouncing Flask","Outmaneuver"],"picked":"Deadly Poison","floor":24},{"not_picked":["Deadly Poison","Reflex","Heel Hook"],"picked":"Singing Bowl","floor":28},{"not_picked":["Deadly Poison","Bullet Time"],"picked":"Backflip+1","floor":29},{"not_picked":["Expertise","Prepared"],"picked":"Cloak And Dagger","floor":31},{"not_picked":["Burst","Unload"],"picked":"Adrenaline","floor":33},{"not_picked":["Outmaneuver+1","Reflex"],"picked":"Deflect","floor":35},{"not_picked":["Dagger Throw+1","Flying Knee"],"picked":"Cloak And Dagger","floor":36},{"not_picked":["Sucker Punch","Die Die Die","Accuracy"],"picked":"Singing Bowl","floor":37},{"not_picked":["Skewer","Setup"],"picked":"Backflip","floor":37},{"not_picked":["Slice","Cloak And Dagger+1"],"picked":"Backflip","floor":38},{"not_picked":["Heel Hook","Poisoned Stab"],"picked":"Flechettes+1","floor":38},{"not_picked":["Escape Plan","Poisoned Stab"],"picked":"Caltrops+1","floor":40},{"not_picked":["Dagger Throw+1","Expertise","Backflip"],"picked":"Singing Bowl","floor":42},{"not_picked":["Riddle With Holes","Prepared+1"],"picked":"A Thousand Cuts","floor":42},{"not_picked":["Flying Knee","Dagger Throw","Setup"],"picked":"Singing Bowl","floor":44},{"not_picked":["After Image","Quick Slash"],"picked":"Noxious Fumes","floor":45},{"not_picked":["Skewer+1","Underhanded Strike+1"],"picked":"Catalyst+1","floor":48},{"not_picked":["Skewer+1","Backstab+1"],"picked":"After Image","floor":55}],"player_experience":5727252,"relics_obtained":[{"floor":7,"key":"Orichalcum"},{"floor":9,"key":"Bag of Preparation"},{"floor":11,"key":"Art of War"},{"floor":24,"key":"Anchor"},{"floor":28,"key":"Singing Bowl"},{"floor":31,"key":"Kunai"},{"floor":36,"key":"Prayer Wheel"},{"floor":40,"key":"Gremlin Horn"},{"floor":40,"key":"Bottled Tornado"},{"floor":43,"key":"Letter Opener"},{"floor":44,"key":"The Specimen"},{"floor":45,"key":"Happy Flower"},{"floor":45,"key":"Oddly Smooth Stone"},{"floor":48,"key":"Ancient Tea Set"},{"floor":48,"key":"Darkstone Periapt"},{"floor":55,"key":"Boot"},{"floor":55,"key":"Gambling Chip"}],"event_choices":[{"damage_healed":0,"gold_gain":75,"player_choice":"Gather Gold","damage_taken":11,"max_hp_gain":0,"max_hp_loss":0,"event_name":"World of Goop","floor":5,"gold_loss":0},{"damage_healed":0,"gold_gain":0,"player_choice":"1 cards matched","damage_taken":0,"max_hp_gain":0,"max_hp_loss":0,"event_name":"Match and Keep!","floor":19,"gold_loss":0,"cards_obtained":["Dodge and Roll"]},{"damage_healed":0,"gold_gain":0,"player_choice":"Became a vampire","damage_taken":0,"max_hp_gain":0,"max_hp_loss":22,"event_name":"Vampires","floor":27,"gold_loss":0,"cards_obtained":["Bite","Bite","Bite","Bite","Bite"]},{"damage_healed":0,"gold_gain":0,"player_choice":"Fight","damage_taken":0,"max_hp_gain":0,"max_hp_loss":0,"event_name":"MindBloom","floor":36,"gold_loss":0},{"cards_removed":["Die Die Die"],"damage_healed":0,"gold_gain":0,"player_choice":"Removed Attack","damage_taken":0,"max_hp_gain":0,"max_hp_loss":0,"event_name":"Falling","floor":41,"gold_loss":0},{"damage_healed":0,"gold_gain":0,"player_choice":"Fight","damage_taken":0,"max_hp_gain":0,"max_hp_loss":0,"event_name":"Mysterious Sphere","floor":44,"gold_loss":0},{"damage_healed":0,"gold_gain":0,"player_choice":"Got Potions","damage_taken":0,"max_hp_gain":0,"max_hp_loss":0,"event_name":"Lab","floor":47,"gold_loss":0}],"is_beta":true,"boss_relics":[{"not_picked":["Snecko Eye","Orrery"],"picked":"Ectoplasm"},{"not_picked":["Eternal Feather","White Beast Statue"],"picked":"Black Star"}],"items_purged_floors":[],"is_endless":false,"potions_floor_spawned":[1,2,16,18,20,22,24,35,40,44,55],"ascension_level":20}