{"gold_per_floor":[119,133,133,5,18,46,46,46,95,95,138,166,184,202,202,297,297,321,321,50,50,50,50,81,81,105,126,126,126,145,165,165,255,255,274,288,288,26,50,90,90,104,178,222,222,32,53,53,53,53,53,53,53,53,96,96],"floor_reached":56,"playtime":4245,"items_purged":["Pain","Strike_G"],"score":2116,"play_id":"4e8ae963-1375-4c58-9418-5928ca8ba37e","local_time":"20190419014646","is_ascension_mode":true,"campfire_choices":[{"data":"Neutralize","floor":7,"key":"SMITH"},{"data":"After Image","floor":15,"key":"SMITH"},{"data":"Corpse Explosion","floor":23,"key":"SMITH"},{"data":"Footwork","floor":25,"key":"SMITH"},{"data":"Blur","floor":28,"key":"SMITH"},{"floor":32,"key":"REST"},{"data":"Wraith Form v2","floor":41,"key":"SMITH"},{"floor":45,"key":"RECALL"},{"data":"Deadly Poison","floor":49,"key":"SMITH"},{"floor":53,"key":"REST"}],"neow_cost":"NONE","seed_source_timestamp":349540077086844,"circlet_count":0,"master_deck":["AscendersBane","Defend_G","Defend_G","Defend_G","Defend_G","Defend_G","Strike_G","Strike_G","Strike_G","Survivor","Neutralize+1","Flying Knee","Dagger Throw+1","Cloak And Dagger","Backstab","After Image+1","Blur+1","Deflect","Corpse Explosion+1","Footwork+1","Backflip","Dodge and Roll","Footwork+1","Prepared","Wraith Form v2+1","Choke+1","Backflip","Deadly Poison+1","Concentrate+1"],"relics":["Ring of the Snake","Art of War","WarpedTongs","Oddly Smooth Stone","Golden Idol","Gremlin Horn","Odd Mushroom","Runic Pyramid","Bag of Preparation","Regal Pillow","Dream Catcher","Busted Crown","PreservedInsect","Turnip","Toxic Egg 2","Letter Opener"],"potions_floor_usage":[11,24,33,55,55],"damage_taken":[{"damage":0,"enemies":"2 Louse","floor":1,"turns":5},{"damage":0,"enemies":"Cultist","floor":2,"turns":4},{"damage":0,"enemies":"Jaw Worm","floor":5,"turns":4},{"damage":23,"enemies":"3 Sentries","floor":6,"turns":12},{"damage":1,"enemies":"Gremlin Nob","floor":11,"turns":3},{"damage":0,"enemies":"The Mushroom Lair","floor":12,"turns":3},{"damage":0,"enemies":"Looter","floor":13,"turns":3},{"damage":0,"enemies":"Large Slime","floor":14,"turns":4},{"damage":0,"enemies":"The Guardian","floor":16,"turns":18},{"damage":0,"enemies":"Spheric Guardian","floor":18,"turns":8},{"damage":2,"enemies":"Slavers","floor":24,"turns":3},{"damage":0,"enemies":"Shell Parasite","floor":27,"turns":6},{"damage":9,"enemies":"Snake Plant","floor":30,"turns":6},{"damage":0,"enemies":"Snecko","floor":31,"turns":6},{"damage":6,"enemies":"Collector","floor":33,"turns":17},{"damage":0,"enemies":"Orb Walker","floor":35,"turns":5},{"damage":4,"enemies":"3 Shapes","floor":36,"turns":4},{"damage":0,"enemies":"Spire Growth","floor":39,"turns":6},{"damage":0,"enemies":"Giant Head","floor":40,"turns":11},{"damage":0,"enemies":"Transient","floor":42,"turns":6},{"damage":1,"enemies":"Reptomancer","floor":44,"turns":6},{"damage":0,"enemies":"Writhing Mass","floor":47,"turns":8},{"damage":17,"enemies":"Awakened One","floor":50,"turns":25},{"damage":0,"enemies":"Donu and Deca","floor":51,"turns":12},{"damage":21,"enemies":"Shield and Spear","floor":55,"turns":9},{"damage":39,"enemies":"The Heart","floor":56,"turns":9}],"seed_played":"-2894165887947277988","potions_obtained":[{"floor":5,"key":"Poison Potion"},{"floor":6,"key":"FearPotion"},{"floor":13,"key":"GhostInAJar"},{"floor":31,"key":"Energy Potion"},{"floor":33,"key":"SteroidPotion"},{"floor":47,"key":"Block Potion"}],"is_trial":false,"path_per_floor":["M","M","?","$","M","E","R","?","T","?","E","?","M","M","R","B",null,"M","?","$","?","?","R","E","R","T","M","R","?","M","M","R","B",null,"M","M","?","$","M","E","R","M","T","E","R","$","M","?","R","B","B",null,"R","$","E","B"],"character_chosen":"THE_SILENT","items_purchased":["PowerPotion","Bag of Preparation","Footwork","Backflip","PreservedInsect","Dodge and Roll+1","PowerPotion","Concentrate+1"],"campfire_rested":2,"item_purchase_floors":[4,20,20,20,38,46,46,46],"current_hp_per_floor":[59,59,59,59,59,36,36,36,36,36,35,35,35,35,35,35,54,54,54,54,54,54,54,52,52,52,52,52,31,22,22,55,49,57,57,53,53,53,53,53,53,53,53,52,52,52,52,52,52,35,35,52,57,57,36,0],"gold":96,"neow_bonus":"RANDOM_COMMON_RELIC","is_prod":false,"is_daily":false,"chose_seed":false,"campfire_upgraded":7,"win_rate":0,"timestamp":1555663606,"path_taken":["M","M","?","?","?","E","R","?","T","?","E","?","?","M","R","BOSS","M","?","$","?","?","R","E","R","T","?","R","?","M","M","R","BOSS","M","M","?","$","M","E","R","M","T","E","R","$","M","?","R","BOSS","BOSS","R","$","E","BOSS"],"build_version":"2019-04-04","purchased_purges":2,"victory":false,"max_hp_per_floor":[66,66,66,66,66,66,66,60,60,60,60,60,60,60,60,60,60,60,60,60,60,60,60,60,60,60,60,60,60,60,60,60,60,60,60,60,57,57,57,57,57,57,57,57,57,57,57,57,57,57,57,57,57,57,57,57],"card_choices":[{"not_picked":["Cloak And Dagger","Outmaneuver"],"picked":"Flying Knee","floor":1},{"not_picked":["Flying Knee","Acrobatics"],"picked":"Dagger Throw","floor":2},{"not_picked":["Deflect","Slice"],"picked":"Cloak And Dagger","floor":5},{"not_picked":["Deflect","Bane","Acrobatics"],"picked":"SKIP","floor":6},{"not_picked":["Acrobatics","Slice"],"picked":"Backstab","floor":11},{"not_picked":["Sucker Punch","Deflect"],"picked":"After Image","floor":12},{"not_picked":["Outmaneuver","Prepared"],"picked":"Blur","floor":13},{"not_picked":["Flying Knee","Acrobatics"],"picked":"Deflect","floor":14},{"not_picked":["Glass Knife","Envenom"],"picked":"Corpse Explosion","floor":16},{"not_picked":["Bane","Outmaneuver","Underhanded Strike"],"picked":"SKIP","floor":18},{"not_picked":["Flying Knee","Slice","Quick Slash"],"picked":"SKIP","floor":24},{"not_picked":["Underhanded Strike","Slice","Eviscerate"],"picked":"SKIP","floor":27},{"not_picked":["Venomology","Well Laid Plans"],"picked":"Dodge and Roll","floor":30},{"not_picked":["Acrobatics","Masterful Stab"],"picked":"Footwork+1","floor":31},{"not_picked":["Outmaneuver","Backflip"],"picked":"Prepared","floor":32},{"not_picked":["Envenom","Unload"],"picked":"Wraith Form v2","floor":33},{"not_picked":[],"picked":"Choke+1","floor":35},{"not_picked":["Underhanded Strike"],"picked":"SKIP","floor":36},{"not_picked":["Flying Knee"],"picked":"SKIP","floor":39},{"not_picked":[],"picked":"Backflip","floor":40},{"not_picked":[],"picked":"Deadly Poison","floor":42},{"not_picked":["Underhanded Strike"],"picked":"SKIP","floor":44},{"not_picked":["Dagger Spray"],"picked":"SKIP","floor":47},{"not_picked":["Dagger Spray"],"picked":"SKIP","floor":47},{"not_picked":["Dagger Spray"],"picked":"SKIP","floor":47},{"not_picked":["Dagger Spray"],"picked":"SKIP","floor":47},{"not_picked":["Bane"],"picked":"SKIP","floor":55}],"player_experience":5710128,"relics_obtained":[{"floor":6,"key":"Oddly Smooth Stone"},{"floor":11,"key":"Gremlin Horn"},{"floor":12,"key":"Odd Mushroom"},{"floor":24,"key":"Regal Pillow"},{"floor":26,"key":"Dream Catcher"},{"floor":40,"key":"Turnip"},{"floor":43,"key":"Toxic Egg 2"},{"floor":55,"key":"Letter Opener"}],"event_choices":[{"damage_healed":0,"gold_gain":0,"player_choice":"Rummage","damage_taken":0,"relics_obtained":["WarpedTongs"],"max_hp_gain":0,"max_hp_loss":0,"event_name":"Accursed Blacksmith","floor":3,"gold_loss":0,"cards_obtained":["Pain"]},{"damage_healed":0,"gold_gain":0,"player_choice":"Lose Max HP","damage_taken":0,"relics_obtained":["Golden Idol"],"max_hp_gain":0,"max_hp_loss":6,"event_name":"Golden Idol","floor":8,"gold_loss":0},{"damage_healed":0,"gold_gain":0,"player_choice":"Grow","damage_taken":0,"max_hp_gain":0,"max_hp_loss":0,"event_name":"Living Wall","floor":10,"gold_loss":0,"cards_upgraded":["Dagger Throw"]},{"damage_healed":0,"gold_gain":0,"player_choice":"Fought Mushrooms","damage_taken":0,"max_hp_gain":0,"max_hp_loss":0,"event_name":"Mushrooms","floor":12,"gold_loss":0},{"cards_removed":["Strike_G"],"damage_healed":0,"gold_gain":0,"player_choice":"Offered Basic","damage_taken":0,"max_hp_gain":0,"max_hp_loss":0,"event_name":"Bonfire Elementals","floor":19,"gold_loss":0},{"damage_healed":0,"gold_gain":0,"player_choice":"Got Potions","damage_taken":0,"max_hp_gain":0,"max_hp_loss":0,"event_name":"Lab","floor":22,"gold_loss":0},{"damage_healed":0,"gold_gain":0,"player_choice":"Obtained Book","damage_taken":21,"max_hp_gain":0,"max_hp_loss":0,"event_name":"Cursed Tome","floor":29,"gold_loss":0},{"damage_healed":0,"gold_gain":0,"player_choice":"Max HP","damage_taken":0,"max_hp_gain":0,"max_hp_loss":3,"event_name":"Winding Halls","floor":37,"gold_loss":0},{"cards_removed":["Dodge and Roll"],"damage_healed":0,"gold_gain":0,"player_choice":"Removed Skill","damage_taken":0,"max_hp_gain":0,"max_hp_loss":0,"event_name":"Falling","floor":48,"gold_loss":0}],"is_beta":true,"boss_relics":[{"not_picked":["Runic Dome","Astrolabe"],"picked":"Runic Pyramid"},{"not_picked":["HoveringKite","Tiny House"],"picked":"Busted Crown"}],"items_purged_floors":[4,38],"is_endless":false,"potions_floor_spawned":[5,6,13,31,33,40,47],"killed_by":"The Heart","ascension_level":20}