{"gold_per_floor":[219,237,8,24,41,41,73,73,122,134,167,167,192,192,192,265,265,276,376,376,401,419,419,450,201,227,257,269,284,294,323,323,400,400,416,516,516,563,25,53,63,95,144,156,156,183,193,211,211,211,211,211,211,50,79,79],"floor_reached":57,"playtime":5907,"items_purged":["Strike_B"],"score":3040,"play_id":"8b9b4d12-1adb-43b0-8b18-a3a888a0d323","local_time":"20190422164925","is_ascension_mode":true,"campfire_choices":[{"data":"Apotheosis","floor":6,"key":"SMITH"},{"data":"Coolheaded","floor":8,"key":"SMITH"},{"data":"Seek","floor":12,"key":"SMITH"},{"floor":15,"key":"REST"},{"floor":23,"key":"REST"},{"data":"Seek","floor":32,"key":"SMITH"},{"floor":45,"key":"RECALL"},{"data":"Capacitor","floor":49,"key":"SMITH"},{"data":"Defragment","floor":53,"key":"SMITH"}],"neow_cost":"NONE","seed_source_timestamp":11481792643018,"circlet_count":0,"master_deck":["AscendersBane","Defend_B","Defend_B","Defend_B","Defend_B","Zap","Dualcast","Reinforced Body","Doom and Gloom","Defragment+1","Apotheosis+1","Doom and Gloom","Darkness","Coolheaded+1","Hologram+1","Seek+1","Self Repair","Seek+1","Reprogram","FTL+1","Capacitor+1","Loop","Echo Form","Stack","Chill","Undo","Chill","Conserve Battery+1","Seek+1","Chill","Glacier","Turbo+1","Sunder+1","Stack+1","Hologram","Biased Cognition","Coolheaded+1"],"relics":["Cracked Core","Pear","Blood Vial","Orichalcum","PreservedInsect","Empty Cage","Nunchaku","Gremlin Horn","Enchiridion","DataDisk","Lantern","Boot","Potion Belt","Philosopher\u0027s Stone","Unceasing Top","Torii","Incense Burner","DollysMirror","Ornamental Fan","Bag of Preparation","Bronze Scales","War Paint","Art of War"],"potions_floor_usage":[19,22,27,38,38,56,56,56,56],"damage_taken":[{"damage":0,"enemies":"Cultist","floor":1,"turns":3},{"damage":2,"enemies":"Jaw Worm","floor":2,"turns":3},{"damage":0,"enemies":"2 Louse","floor":4,"turns":1},{"damage":13,"enemies":"Blue Slaver","floor":5,"turns":4},{"damage":0,"enemies":"Lagavulin","floor":7,"turns":5},{"damage":5,"enemies":"Lots of Slimes","floor":10,"turns":2},{"damage":15,"enemies":"3 Sentries","floor":11,"turns":5},{"damage":41,"enemies":"Gremlin Nob","floor":13,"turns":5},{"damage":19,"enemies":"Hexaghost","floor":16,"turns":6},{"damage":6,"enemies":"Chosen","floor":18,"turns":4},{"damage":23,"enemies":"Colosseum Slavers","floor":19,"turns":4},{"damage":11,"enemies":"Colosseum Nobs","floor":19,"turns":3},{"damage":16,"enemies":"2 Thieves","floor":22,"turns":4},{"damage":16,"enemies":"Gremlin Leader","floor":24,"turns":4},{"damage":22,"enemies":"Book of Stabbing","floor":27,"turns":5},{"damage":5,"enemies":"Centurion and Healer","floor":28,"turns":6},{"damage":18,"enemies":"Snake Plant","floor":29,"turns":5},{"damage":5,"enemies":"Sentry and Sphere","floor":30,"turns":7},{"damage":33,"enemies":"Slavers","floor":31,"turns":3},{"damage":9,"enemies":"Champ","floor":33,"turns":9},{"damage":8,"enemies":"3 Darklings","floor":35,"turns":5},{"damage":0,"enemies":"Mind Bloom Boss Battle","floor":36,"turns":6},{"damage":24,"enemies":"2 Orb Walkers","floor":38,"turns":6},{"damage":3,"enemies":"Giant Head","floor":40,"turns":10},{"damage":0,"enemies":"Orb Walker","floor":41,"turns":3},{"damage":1,"enemies":"Nemesis","floor":42,"turns":7},{"damage":0,"enemies":"4 Shapes","floor":44,"turns":5},{"damage":7,"enemies":"Giant Head","floor":46,"turns":7},{"damage":14,"enemies":"Maw","floor":47,"turns":7},{"damage":0,"enemies":"3 Darklings","floor":48,"turns":6},{"damage":1,"enemies":"Time Eater","floor":50,"turns":19},{"damage":0,"enemies":"Donu and Deca","floor":51,"turns":12},{"damage":0,"enemies":"Shield and Spear","floor":55,"turns":5},{"damage":9,"enemies":"The Heart","floor":56,"turns":11}],"seed_played":"163476013367515802","potions_obtained":[{"floor":2,"key":"SkillPotion"},{"floor":5,"key":"Dexterity Potion"},{"floor":19,"key":"Ancient Potion"},{"floor":27,"key":"SpeedPotion"},{"floor":31,"key":"Fire Potion"},{"floor":33,"key":"Ancient Potion"},{"floor":38,"key":"SneckoOil"},{"floor":40,"key":"EssenceOfSteel"},{"floor":42,"key":"Swift Potion"},{"floor":55,"key":"GamblersBrew"}],"is_trial":false,"path_per_floor":["M","M","$","M","M","R","E","R","T","M","E","R","E","?","R","B",null,"M","?","?","T","M","R","E","$","T","E","M","M","M","E","R","B",null,"M","?","?","?","$","E","M","E","T","M","R","E","M","M","R","B","B",null,"R","$","E","B",null],"character_chosen":"DEFECT","items_purchased":["Defragment","Apotheosis","Loop","EssenceOfSteel","Incense Burner","DollysMirror","Biased Cognition"],"campfire_rested":2,"item_purchase_floors":[3,3,25,25,39,39,54],"current_hp_per_floor":[64,62,62,62,49,49,59,59,59,56,43,43,4,4,28,21,66,72,52,31,31,37,61,57,57,57,44,61,65,81,58,58,71,79,81,81,77,63,63,77,77,77,77,77,77,77,63,75,75,77,77,77,77,77,77,77],"gold":79,"neow_bonus":"HUNDRED_GOLD","is_prod":false,"is_daily":false,"chose_seed":false,"campfire_upgraded":6,"win_rate":0,"timestamp":1555976965,"path_taken":["M","M","$","M","?","R","E","R","T","M","E","R","E","?","R","BOSS","M","?","?","?","M","R","E","$","T","E","M","M","?","E","R","BOSS","M","?","?","?","$","E","M","E","T","M","R","E","M","M","R","BOSS","BOSS","R","$","E","BOSS"],"build_version":"2019-04-21","purchased_purges":1,"victory":true,"max_hp_per_floor":[71,71,71,71,71,71,81,81,81,81,81,81,81,81,81,81,81,81,81,81,81,81,81,81,81,81,81,81,81,81,81,81,81,81,81,81,77,77,77,77,77,77,77,77,77,77,77,77,77,77,77,77,77,77,77,77],"card_choices":[{"not_picked":["Streamline","Leap"],"picked":"Reinforced Body","floor":1},{"not_picked":["Leap","Streamline"],"picked":"Doom and Gloom","floor":2},{"not_picked":["Gash","Streamline"],"picked":"Doom and Gloom","floor":4},{"not_picked":["Leap","Streamline"],"picked":"Darkness","floor":5},{"not_picked":["Stack","Ball Lightning"],"picked":"Coolheaded","floor":7},{"not_picked":["Barrage","Streamline"],"picked":"Hologram","floor":10},{"not_picked":["Genetic Algorithm","Consume"],"picked":"Seek","floor":11},{"not_picked":["Recycle","Streamline"],"picked":"Self Repair","floor":13},{"not_picked":["Buffer","Thunder Strike"],"picked":"Seek","floor":16},{"not_picked":["Compile Driver","Cold Snap"],"picked":"Reprogram","floor":18},{"not_picked":["Compile Driver+1","Beam Cell"],"picked":"FTL+1","floor":22},{"not_picked":["Chill","Rebound"],"picked":"Capacitor","floor":24},{"not_picked":["Consume","Undo+1"],"picked":"Echo Form","floor":27},{"not_picked":["Leap","Gash","Blizzard"],"picked":"SKIP","floor":28},{"not_picked":["Doom and Gloom","Consume"],"picked":"Stack","floor":29},{"not_picked":["Gash","Lockon","Barrage"],"picked":"SKIP","floor":30},{"not_picked":["Loop","Consume+1"],"picked":"Chill","floor":31},{"not_picked":["Leap","Lockon+1"],"picked":"Undo","floor":35},{"not_picked":["Ball Lightning","Leap"],"picked":"Chill","floor":36},{"not_picked":["Gash+1","Hologram"],"picked":"Conserve Battery","floor":38},{"not_picked":["Gash","Scrape"],"picked":"Chill","floor":40},{"not_picked":["Genetic Algorithm","Auto Shields"],"picked":"Glacier","floor":41},{"not_picked":["Compile Driver","Gash"],"picked":"Turbo+1","floor":42},{"not_picked":["Lockon","Barrage","Tempest"],"picked":"SKIP","floor":44},{"not_picked":["Buffer","Ball Lightning"],"picked":"Sunder+1","floor":46},{"not_picked":["Compile Driver","Streamline"],"picked":"Stack+1","floor":47},{"not_picked":["Rebound","Barrage"],"picked":"Hologram","floor":48},{"not_picked":["Blizzard+1","Stack"],"picked":"Coolheaded+1","floor":55}],"player_experience":5767219,"relics_obtained":[{"floor":7,"key":"Pear"},{"floor":9,"key":"Blood Vial"},{"floor":11,"key":"Orichalcum"},{"floor":13,"key":"PreservedInsect"},{"floor":19,"key":"Nunchaku"},{"floor":19,"key":"Gremlin Horn"},{"floor":20,"key":"Enchiridion"},{"floor":24,"key":"DataDisk"},{"floor":26,"key":"Lantern"},{"floor":27,"key":"Boot"},{"floor":31,"key":"Potion Belt"},{"floor":36,"key":"Unceasing Top"},{"floor":38,"key":"Torii"},{"floor":40,"key":"Ornamental Fan"},{"floor":42,"key":"Bag of Preparation"},{"floor":43,"key":"Bronze Scales"},{"floor":46,"key":"War Paint"},{"floor":55,"key":"Art of War"}],"event_choices":[{"cards_removed":["Strike_B"],"damage_healed":0,"gold_gain":0,"player_choice":"Forget","damage_taken":0,"max_hp_gain":0,"max_hp_loss":0,"event_name":"Living Wall","floor":14,"gold_loss":0},{"damage_healed":0,"gold_gain":0,"player_choice":"Fight","damage_taken":0,"max_hp_gain":0,"max_hp_loss":0,"event_name":"Colosseum","floor":19,"gold_loss":0},{"damage_healed":0,"gold_gain":0,"player_choice":"Fought Nobs","damage_taken":0,"max_hp_gain":0,"max_hp_loss":0,"event_name":"Colosseum","floor":19,"gold_loss":0},{"damage_healed":0,"gold_gain":0,"player_choice":"Obtained Book","damage_taken":21,"max_hp_gain":0,"max_hp_loss":0,"event_name":"Cursed Tome","floor":20,"gold_loss":0},{"damage_healed":0,"gold_gain":0,"player_choice":"Fight","damage_taken":0,"max_hp_gain":0,"max_hp_loss":0,"event_name":"MindBloom","floor":36,"gold_loss":0},{"damage_healed":0,"gold_gain":0,"player_choice":"Max HP","damage_taken":0,"max_hp_gain":0,"max_hp_loss":4,"event_name":"Winding Halls","floor":37,"gold_loss":0},{"damage_healed":0,"gold_gain":0,"player_choice":"Fight","damage_taken":0,"max_hp_gain":0,"max_hp_loss":0,"event_name":"Mysterious Sphere","floor":38,"gold_loss":0}],"is_beta":true,"boss_relics":[{"not_picked":["FrozenCore","Snecko Eye"],"picked":"Empty Cage"},{"not_picked":["Eternal Feather","Lizard Tail"],"picked":"Philosopher\u0027s Stone"}],"items_purged_floors":[25],"is_endless":false,"potions_floor_spawned":[2,5,7,13,19,27,29,30,31,33,35,38,40,42,55],"ascension_level":20}