{"gold_per_floor":[117,137,137,137,5,5,40,55,55,80,92,92,108,128,128,199,199,209,222,222,242,242,242,273,273,328,363,31,42,42,98,98,171,171,187,197,197,197,197,225,235,266,292,302,302,39,72,90,90,90,90,90,90,35,69,69],"floor_reached":57,"playtime":3856,"items_purged":["Strike_R"],"score":3070,"play_id":"7ac7b04d-7fa9-4c70-8be7-9e158bd47b8a","local_time":"20190415172052","is_ascension_mode":true,"campfire_choices":[{"data":"Flame Barrier","floor":6,"key":"SMITH"},{"data":"Inflame","floor":12,"key":"SMITH"},{"data":"Defend_R","floor":15,"key":"SMITH"},{"data":"Demon Form","floor":23,"key":"SMITH"},{"floor":25,"key":"REST"},{"floor":30,"key":"REST"},{"data":"Heavy Blade","floor":32,"key":"SMITH"},{"floor":45,"key":"RECALL"},{"data":"Corruption","floor":49,"key":"SMITH"},{"data":"Feel No Pain","floor":53,"key":"SMITH"}],"neow_cost":"NONE","seed_source_timestamp":60354196279328,"circlet_count":0,"master_deck":["AscendersBane","Strike_R","Strike_R","Defend_R+1","Defend_R","Defend_R","Defend_R","Bash+1","Pummel+1","Flame Barrier+1","Pummel","Carnage+1","Inflame+1","Burning Pact","Demon Form+1","Whirlwind","Armaments","Heavy Blade+1","Battle Trance+1","Shrug It Off+1","Offering","Flame Barrier+1","Corruption+1","Shrug It Off","Writhe","Flash of Steel","Apotheosis","Warcry","Feel No Pain+1","Reaper","Shockwave+1","Offering"],"relics":["Burning Blood","Blue Candle","Vajra","Incense Burner","Black Star","Centennial Puzzle","Dream Catcher","Orichalcum","Red Skull","Whetstone","PreservedInsect","Tiny Chest","Bottled Lightning","Orrery","Dead Branch","Paper Frog","Bronze Scales","Ice Cream","Bird Faced Urn","Turnip","Oddly Smooth Stone","Bottled Tornado"],"potions_floor_usage":[7,10,24,24,27,42,56,56],"damage_taken":[{"damage":9,"enemies":"Jaw Worm","floor":1,"turns":3},{"damage":6,"enemies":"Cultist","floor":2,"turns":3},{"damage":25,"enemies":"3 Sentries","floor":7,"turns":9},{"damage":1,"enemies":"Small Slimes","floor":8,"turns":3},{"damage":8,"enemies":"Gremlin Nob","floor":10,"turns":3},{"damage":24,"enemies":"Exordium Wildlife","floor":11,"turns":4},{"damage":0,"enemies":"Looter","floor":13,"turns":4},{"damage":13,"enemies":"2 Fungi Beasts","floor":14,"turns":8},{"damage":0,"enemies":"The Guardian","floor":16,"turns":17},{"damage":4,"enemies":"3 Byrds","floor":18,"turns":7},{"damage":6,"enemies":"Chosen","floor":19,"turns":4},{"damage":13,"enemies":"Centurion and Healer","floor":21,"turns":7},{"damage":50,"enemies":"Slavers","floor":24,"turns":6},{"damage":31,"enemies":"Gremlin Leader","floor":27,"turns":6},{"damage":3,"enemies":"3 Cultists","floor":29,"turns":3},{"damage":23,"enemies":"Slavers","floor":31,"turns":3},{"damage":14,"enemies":"Collector","floor":33,"turns":4},{"damage":11,"enemies":"Orb Walker","floor":35,"turns":2},{"damage":32,"enemies":"3 Darklings","floor":36,"turns":5},{"damage":7,"enemies":"Giant Head","floor":40,"turns":5},{"damage":10,"enemies":"Maw","floor":41,"turns":4},{"damage":1,"enemies":"Nemesis","floor":42,"turns":5},{"damage":6,"enemies":"Jaw Worm Horde","floor":44,"turns":4},{"damage":9,"enemies":"Reptomancer","floor":47,"turns":3},{"damage":10,"enemies":"Spire Growth","floor":48,"turns":7},{"damage":75,"enemies":"Awakened One","floor":50,"turns":7},{"damage":13,"enemies":"Donu and Deca","floor":51,"turns":9},{"damage":11,"enemies":"Shield and Spear","floor":55,"turns":6},{"damage":32,"enemies":"The Heart","floor":56,"turns":8}],"seed_played":"7657600889336458007","potions_obtained":[{"floor":1,"key":"AttackPotion"},{"floor":11,"key":"BloodPotion"},{"floor":14,"key":"Explosive Potion"},{"floor":16,"key":"Fire Potion"},{"floor":24,"key":"Weak Potion"},{"floor":33,"key":"Swift Potion"},{"floor":40,"key":"SpeedPotion"},{"floor":42,"key":"Strength Potion"},{"floor":48,"key":"Strength Potion"}],"is_trial":false,"path_per_floor":["M","M","?","?","$","R","E","M","T","E","M","R","M","M","R","B",null,"M","M","?","M","?","R","E","R","T","E","$","M","R","E","R","B",null,"M","M","?","?","?","E","M","E","T","M","R","$","E","M","R","B","B",null,"R","$","E","B",null],"character_chosen":"IRONCLAD","items_purchased":["Strength Potion","Offering","PreservedInsect","Feel No Pain","Reaper","PowerPotion"],"campfire_rested":2,"item_purchase_floors":[5,28,28,46,46,54],"current_hp_per_floor":[65,65,70,70,70,70,51,56,56,54,36,36,42,35,35,41,70,72,72,72,65,65,65,21,45,45,20,20,23,47,30,30,22,66,61,35,35,51,41,40,36,41,41,41,41,41,71,80,80,41,80,80,80,80,80,80],"gold":69,"neow_bonus":"UPGRADE_CARD","is_prod":false,"is_daily":false,"chose_seed":false,"campfire_upgraded":7,"win_rate":0,"timestamp":1555374052,"path_taken":["M","M","?","?","$","R","E","M","T","E","M","R","M","?","R","BOSS","M","M","?","M","?","R","E","R","T","E","$","M","R","E","R","BOSS","M","M","?","?","?","E","?","E","T","M","R","$","E","M","R","BOSS","BOSS","R","$","E","BOSS"],"build_version":"2019-04-04","purchased_purges":1,"victory":true,"max_hp_per_floor":[75,75,80,80,80,80,80,80,80,80,80,80,80,80,80,80,80,80,80,80,80,80,80,80,80,80,80,80,80,80,80,80,80,80,80,80,80,80,80,80,80,80,80,80,80,80,80,80,80,80,80,80,80,80,80,80],"card_choices":[{"not_picked":["Entrench","Havoc"],"picked":"Pummel","floor":1},{"not_picked":["Warcry","Twin Strike"],"picked":"Flame Barrier","floor":2},{"not_picked":["Bloodletting","Warcry","Wild Strike"],"picked":"SKIP","floor":7},{"not_picked":["Perfected Strike","Dark Embrace"],"picked":"Carnage","floor":8},{"not_picked":["Clash","Iron Wave","Dropkick"],"picked":"SKIP","floor":10},{"not_picked":["Searing Blow","Clothesline"],"picked":"Inflame","floor":11},{"not_picked":["Wild Strike","Body Slam","Perfected Strike"],"picked":"SKIP","floor":13},{"not_picked":["Perfected Strike","Heavy Blade"],"picked":"Burning Pact","floor":14},{"not_picked":["Berserk","Double Tap"],"picked":"Demon Form","floor":16},{"not_picked":["Perfected Strike","Carnage+1"],"picked":"Whirlwind","floor":18},{"not_picked":["Clothesline","Perfected Strike"],"picked":"Armaments","floor":19},{"not_picked":["True Grit","Twin Strike"],"picked":"Heavy Blade","floor":21},{"not_picked":["Corruption+1","Disarm"],"picked":"Battle Trance+1","floor":24},{"not_picked":["Heavy Blade","Wild Strike+1"],"picked":"Shrug It Off+1","floor":25},{"not_picked":["Cleave+1","Pummel","Berserk"],"picked":"SKIP","floor":27},{"not_picked":["Clothesline","Heavy Blade"],"picked":"Flame Barrier+1","floor":29},{"not_picked":["Uppercut","Ghostly Armor","Second Wind"],"picked":"SKIP","floor":31},{"not_picked":["Warcry","Carnage+1"],"picked":"Corruption","floor":35},{"not_picked":["Evolve+1","Barricade"],"picked":"Shrug It Off","floor":36},{"not_picked":["Discovery","Impatience"],"picked":"Flash of Steel","floor":39},{"not_picked":["Secret Technique","Panacea"],"picked":"Apotheosis","floor":39},{"not_picked":["Berserk","Flame Barrier","Flex"],"picked":"SKIP","floor":40},{"not_picked":["Clothesline+1","Flex"],"picked":"Warcry","floor":41},{"not_picked":["Pommel Strike","Clothesline","Clash"],"picked":"SKIP","floor":42},{"not_picked":["Clothesline+1","Wild Strike","Headbutt"],"picked":"SKIP","floor":44},{"not_picked":["Uppercut","Impervious"],"picked":"Shockwave+1","floor":47},{"not_picked":["True Grit","Thunderclap+1","Dropkick"],"picked":"SKIP","floor":48},{"not_picked":["Clothesline","True Grit"],"picked":"Offering","floor":55}],"player_experience":5623406,"relics_obtained":[{"floor":7,"key":"Blue Candle"},{"floor":9,"key":"Vajra"},{"floor":10,"key":"Incense Burner"},{"floor":24,"key":"Centennial Puzzle"},{"floor":24,"key":"Dream Catcher"},{"floor":26,"key":"Orichalcum"},{"floor":27,"key":"Red Skull"},{"floor":27,"key":"Whetstone"},{"floor":31,"key":"Tiny Chest"},{"floor":31,"key":"Bottled Lightning"},{"floor":40,"key":"Dead Branch"},{"floor":40,"key":"Paper Frog"},{"floor":42,"key":"Bronze Scales"},{"floor":42,"key":"Ice Cream"},{"floor":47,"key":"Bird Faced Urn"},{"floor":47,"key":"Turnip"},{"floor":55,"key":"Oddly Smooth Stone"},{"floor":55,"key":"Bottled Tornado"}],"event_choices":[{"damage_healed":0,"gold_gain":0,"player_choice":"Donut","damage_taken":0,"max_hp_gain":5,"max_hp_loss":0,"event_name":"Big Fish","floor":3,"gold_loss":0},{"damage_healed":0,"gold_gain":0,"cards_transformed":["Strike_R"],"player_choice":"Transformed","damage_taken":0,"max_hp_gain":0,"max_hp_loss":0,"event_name":"Transmorgrifier","floor":4,"gold_loss":0,"cards_obtained":["Pummel"]},{"damage_healed":0,"gold_gain":0,"player_choice":"Ignored","damage_taken":0,"max_hp_gain":0,"max_hp_loss":0,"event_name":"The Mausoleum","floor":20,"gold_loss":0},{"damage_healed":0,"gold_gain":0,"player_choice":"Ignored","damage_taken":0,"max_hp_gain":0,"max_hp_loss":0,"event_name":"Vampires","floor":22,"gold_loss":0},{"cards_removed":["Strike_R"],"damage_healed":0,"gold_gain":0,"player_choice":"Removed Attack","damage_taken":0,"max_hp_gain":0,"max_hp_loss":0,"event_name":"Falling","floor":37,"gold_loss":0},{"damage_healed":16,"gold_gain":0,"player_choice":"Writhe","damage_taken":0,"max_hp_gain":0,"max_hp_loss":0,"event_name":"Winding Halls","floor":38,"gold_loss":0,"cards_obtained":["Writhe"]},{"damage_healed":0,"gold_gain":0,"player_choice":"Memory 3","damage_taken":10,"max_hp_gain":0,"max_hp_loss":0,"event_name":"SensoryStone","floor":39,"gold_loss":0}],"is_beta":true,"boss_relics":[{"not_picked":["Pandora\u0027s Box","Black Blood"],"picked":"Black Star"},{"not_picked":["Coffee Dripper","Eternal Feather"],"picked":"Orrery"}],"items_purged_floors":[5],"is_endless":false,"potions_floor_spawned":[1,11,14,16,18,19,24,33,40,42,44,48],"ascension_level":20}