{"gold_per_floor":[359,359,36,49,69,69,89,119,119,119,139,139,169,40,40,111,111,89,139,139,64,64,64,94,94,147,180,196,213,213,213,213,213],"floor_reached":33,"playtime":2448,"items_purged":["Pain","Strike_G"],"score":782,"play_id":"4a32e5f4-2e2a-45a8-b6d7-596b982b2ba8","local_time":"20190416165606","is_ascension_mode":true,"campfire_choices":[{"data":"After Image","floor":6,"key":"SMITH"},{"data":"Footwork","floor":12,"key":"SMITH"},{"data":"Neutralize","floor":15,"key":"SMITH"},{"floor":23,"key":"REST"},{"floor":30,"key":"REST"},{"floor":32,"key":"REST"}],"neow_cost":"TEN_PERCENT_HP_LOSS","seed_source_timestamp":146694889891455,"circlet_count":0,"master_deck":["AscendersBane","Defend_G","Defend_G","Defend_G","Defend_G","Defend_G","Strike_G","Strike_G","Strike_G","Survivor","Neutralize+1","Deadly Poison","After Image+1","Footwork+1","Dagger Spray","Poisoned Stab","Quick Slash","Well Laid Plans","Deflect","Burst","PiercingWail","Cloak And Dagger","PiercingWail","Cloak And Dagger+1","Choke","Catalyst+1","Dodge and Roll","Writhe"],"relics":["Ring of the Snake","Centennial Puzzle","Smiling Mask","WarpedTongs","Ninja Scroll","Black Star","Nilry\u0027s Codex","Anchor","Calipers","Bag of Preparation","Potion Belt","Happy Flower","Toxic Egg 2"],"potions_floor_usage":[8,24,27,33],"damage_taken":[{"damage":0,"enemies":"Small Slimes","floor":1,"turns":5},{"damage":0,"enemies":"Cultist","floor":4,"turns":4},{"damage":0,"enemies":"Jaw Worm","floor":5,"turns":4},{"damage":0,"enemies":"2 Fungi Beasts","floor":7,"turns":4},{"damage":8,"enemies":"3 Sentries","floor":8,"turns":8},{"damage":1,"enemies":"Looter","floor":11,"turns":3},{"damage":43,"enemies":"Gremlin Nob","floor":13,"turns":6},{"damage":0,"enemies":"The Guardian","floor":16,"turns":11},{"damage":5,"enemies":"2 Thieves","floor":18,"turns":4},{"damage":0,"enemies":"Book of Stabbing","floor":24,"turns":7},{"damage":11,"enemies":"Gremlin Leader","floor":27,"turns":10},{"damage":1,"enemies":"Shell Parasite","floor":28,"turns":6},{"damage":5,"enemies":"3 Cultists","floor":29,"turns":7},{"damage":82,"enemies":"Collector","floor":33,"turns":5}],"seed_played":"-2274006157619118351","potions_obtained":[{"floor":4,"key":"SpeedPotion"},{"floor":5,"key":"Swift Potion"},{"floor":8,"key":"Block Potion"},{"floor":16,"key":"SteroidPotion"},{"floor":18,"key":"LiquidBronze"},{"floor":24,"key":"Block Potion"}],"is_trial":false,"path_per_floor":["M","?","$","M","M","R","M","E","T","?","M","R","E","$","R","B",null,"M","?","?","$","?","R","E","?","T","E","M","M","R","?","R","B"],"character_chosen":"THE_SILENT","items_purchased":["Centennial Puzzle","Footwork","Dagger Spray","Strength Potion","PiercingWail","Cloak And Dagger","PiercingWail"],"campfire_rested":3,"item_purchase_floors":[3,3,3,3,14,14,21],"current_hp_per_floor":[59,59,59,59,59,59,59,51,51,51,50,50,7,7,7,7,47,42,42,21,21,5,24,24,24,24,13,12,7,26,26,45,0],"gold":213,"neow_bonus":"TWO_FIFTY_GOLD","is_prod":false,"is_daily":false,"chose_seed":false,"campfire_upgraded":3,"win_rate":0,"timestamp":1555458966,"path_taken":["M","?","$","?","M","R","M","E","T","?","?","R","E","$","R","BOSS","M","?","?","$","?","R","E","?","T","E","?","M","R","?","R","BOSS"],"build_version":"2019-04-04","purchased_purges":2,"victory":false,"max_hp_per_floor":[60,60,60,60,60,60,60,60,60,60,60,60,60,60,60,60,60,60,60,60,60,65,65,65,65,65,65,65,65,65,65,65,65],"card_choices":[{"not_picked":["Outmaneuver","Riddle With Holes"],"picked":"Deadly Poison","floor":1},{"not_picked":["Finisher","Deflect"],"picked":"Poisoned Stab","floor":4},{"not_picked":["Prepared","Blade Dance"],"picked":"Quick Slash","floor":5},{"not_picked":["Prepared","Masterful Stab","Tools of the Trade"],"picked":"SKIP","floor":7},{"not_picked":["Flying Knee","Dodge and Roll"],"picked":"Well Laid Plans","floor":8},{"not_picked":["Sucker Punch","Skewer"],"picked":"Deflect","floor":11},{"not_picked":["Endless Agony","Bane"],"picked":"Burst","floor":13},{"not_picked":["Outmaneuver","Sucker Punch","Prepared"],"picked":"SKIP","floor":18},{"not_picked":["Finisher","Blur"],"picked":"Cloak And Dagger+1","floor":24},{"not_picked":["Poisoned Stab","Burst"],"picked":"Catalyst+1","floor":27},{"not_picked":["Concentrate","Acrobatics+1"],"picked":"Dodge and Roll","floor":28},{"not_picked":["Skewer","Choke","Dagger Spray"],"picked":"SKIP","floor":29}],"player_experience":5648586,"relics_obtained":[{"floor":8,"key":"Smiling Mask"},{"floor":13,"key":"Ninja Scroll"},{"floor":20,"key":"Nilry\u0027s Codex"},{"floor":24,"key":"Anchor"},{"floor":24,"key":"Calipers"},{"floor":26,"key":"Bag of Preparation"},{"floor":27,"key":"Potion Belt"},{"floor":27,"key":"Happy Flower"}],"event_choices":[{"damage_healed":0,"gold_gain":0,"player_choice":"1 cards matched","damage_taken":0,"max_hp_gain":0,"max_hp_loss":0,"event_name":"Match and Keep!","floor":2,"gold_loss":0,"cards_obtained":["After Image"]},{"damage_healed":0,"gold_gain":0,"player_choice":"Rummage","damage_taken":0,"relics_obtained":["WarpedTongs"],"max_hp_gain":0,"max_hp_loss":0,"event_name":"Accursed Blacksmith","floor":10,"gold_loss":0,"cards_obtained":["Pain"]},{"damage_healed":0,"gold_gain":50,"player_choice":"Stole From Cult","damage_taken":0,"max_hp_gain":0,"max_hp_loss":0,"event_name":"Nest","floor":19,"gold_loss":0},{"damage_healed":0,"gold_gain":0,"player_choice":"Obtained Book","damage_taken":21,"max_hp_gain":0,"max_hp_loss":0,"event_name":"Cursed Tome","floor":20,"gold_loss":0},{"damage_healed":0,"gold_gain":0,"player_choice":"Shed Blood","damage_taken":21,"max_hp_gain":5,"max_hp_loss":0,"event_name":"Forgotten Altar","floor":22,"gold_loss":0},{"damage_healed":0,"gold_gain":0,"cards_transformed":["Strike_G"],"player_choice":"Transformed","damage_taken":0,"max_hp_gain":0,"max_hp_loss":0,"event_name":"Transmorgrifier","floor":25,"gold_loss":0,"cards_obtained":["Choke"]},{"damage_healed":0,"gold_gain":0,"player_choice":"Opened","damage_taken":0,"relics_obtained":["Toxic Egg 2"],"max_hp_gain":0,"max_hp_loss":0,"event_name":"The Mausoleum","floor":31,"gold_loss":0,"cards_obtained":["Writhe"]}],"is_beta":true,"boss_relics":[{"not_picked":["HoveringKite","Pandora\u0027s Box"],"picked":"Black Star"}],"items_purged_floors":[14,21],"is_endless":false,"potions_floor_spawned":[4,5,8,16,18,24],"killed_by":"Collector","ascension_level":20}