{"gold_per_floor":[109,109,119,119,139,139,167,192,192,192,204,222,222,251,251,328,328,346,360,360,360,371,371,399,429,455,455,455],"floor_reached":28,"playtime":1726,"items_purged":[],"score":612,"play_id":"3538730e-b6f2-4b64-9d95-94e29fefb4d6","local_time":"20190411205304","is_ascension_mode":true,"campfire_choices":[{"data":"Bash","floor":6,"key":"SMITH"},{"floor":10,"key":"DIG"},{"floor":13,"key":"DIG"},{"floor":15,"key":"DIG"},{"floor":23,"key":"DIG"},{"floor":25,"key":"DIG"},{"floor":27,"key":"DIG"}],"neow_cost":"TEN_PERCENT_HP_LOSS","seed_source_timestamp":109585092126083,"circlet_count":0,"master_deck":["AscendersBane","Strike_R+1","Strike_R+1","Strike_R+1","Strike_R+1","Strike_R+1","Defend_R+1","Defend_R+1","Defend_R+1","Defend_R+1","Bash+1","Armaments+1","Perfected Strike+1","Anger","Shrug It Off","Uppercut","Wild Strike","Pommel Strike","Twin Strike","Juggernaut","Feel No Pain","Shockwave+1"],"relics":["Burning Blood","Pocketwatch","WingedGreaves","Mango","Shovel","Singing Bowl","Oddly Smooth Stone","Dream Catcher","Bird Faced Urn","Black Star","Sundial","Potion Belt","Bottled Lightning","Tiny Chest","Orichalcum","Anchor"],"potions_floor_usage":[16,24,24],"damage_taken":[{"damage":7,"enemies":"Cultist","floor":1,"turns":4},{"damage":0,"enemies":"2 Louse","floor":3,"turns":2},{"damage":3,"enemies":"Small Slimes","floor":5,"turns":3},{"damage":28,"enemies":"Gremlin Nob","floor":7,"turns":4},{"damage":12,"enemies":"3 Sentries","floor":8,"turns":7},{"damage":0,"enemies":"Looter","floor":11,"turns":5},{"damage":8,"enemies":"3 Louse","floor":12,"turns":3},{"damage":15,"enemies":"Lagavulin","floor":14,"turns":5},{"damage":0,"enemies":"Slime Boss","floor":16,"turns":3},{"damage":18,"enemies":"3 Byrds","floor":18,"turns":8},{"damage":2,"enemies":"Spheric Guardian","floor":19,"turns":3},{"damage":8,"enemies":"Snecko","floor":22,"turns":5},{"damage":59,"enemies":"Book of Stabbing","floor":24,"turns":5},{"damage":26,"enemies":"Sentry and Sphere","floor":28,"turns":7}],"seed_played":"-7787868414277471312","potions_obtained":[{"floor":7,"key":"PowerPotion"},{"floor":11,"key":"SteroidPotion"},{"floor":16,"key":"Poison Potion"},{"floor":18,"key":"SteroidPotion"}],"is_trial":false,"path_per_floor":["M","?","M","?","M","R","E","E","T","R","M","M","R","E","R","B",null,"M","M","?","?","M","R","E","R","T","R","M"],"character_chosen":"IRONCLAD","items_purchased":[],"campfire_rested":0,"item_purchase_floors":[],"current_hp_per_floor":[67,67,68,68,68,68,46,54,54,54,60,58,58,49,49,55,75,65,71,71,71,73,73,24,24,24,24,0],"gold":455,"neow_bonus":"ONE_RARE_RELIC","is_prod":false,"is_daily":false,"chose_seed":false,"campfire_upgraded":1,"win_rate":0,"timestamp":1555041184,"path_taken":["M","?","?","?","M","R","E","E","T","R","M","M","R","E","R","BOSS","M","M","?","?","M","R","E","R","T","R","M"],"build_version":"2019-04-04","purchased_purges":0,"victory":false,"max_hp_per_floor":[68,68,68,68,68,68,68,82,82,82,82,82,82,82,82,82,82,82,82,82,82,84,84,86,86,86,86,86],"card_choices":[{"not_picked":["Pommel Strike","Heavy Blade"],"picked":"Armaments","floor":1},{"not_picked":["Fire Breathing","Ghostly Armor"],"picked":"Perfected Strike","floor":3},{"not_picked":["Sword Boomerang","Armaments"],"picked":"Anger","floor":5},{"not_picked":["Rage","Rampage"],"picked":"Shrug It Off","floor":7},{"not_picked":["Power Through","Twin Strike"],"picked":"Uppercut","floor":8},{"not_picked":["Berserk","Body Slam"],"picked":"Wild Strike","floor":11},{"not_picked":["Clash","Flex"],"picked":"Pommel Strike","floor":12},{"not_picked":["Bloodletting","Body Slam"],"picked":"Twin Strike","floor":14},{"not_picked":["Double Tap","Fiend Fire"],"picked":"Juggernaut","floor":16},{"not_picked":["Clothesline","Headbutt"],"picked":"Feel No Pain","floor":18},{"not_picked":["Pommel Strike","Dropkick"],"picked":"Shockwave+1","floor":19},{"not_picked":["Dropkick","Cleave+1","Armaments"],"picked":"Singing Bowl","floor":22},{"not_picked":["Cleave","Rupture","Reckless Charge"],"picked":"Singing Bowl","floor":24}],"player_experience":5535148,"relics_obtained":[{"floor":7,"key":"WingedGreaves"},{"floor":8,"key":"Mango"},{"floor":9,"key":"Shovel"},{"floor":10,"key":"Singing Bowl"},{"floor":13,"key":"Oddly Smooth Stone"},{"floor":14,"key":"Dream Catcher"},{"floor":15,"key":"Bird Faced Urn"},{"floor":23,"key":"Sundial"},{"floor":24,"key":"Potion Belt"},{"floor":24,"key":"Bottled Lightning"},{"floor":25,"key":"Tiny Chest"},{"floor":26,"key":"Orichalcum"},{"floor":27,"key":"Anchor"}],"event_choices":[{"damage_healed":0,"gold_gain":0,"player_choice":"Upgraded","damage_taken":0,"max_hp_gain":0,"max_hp_loss":0,"event_name":"Upgrade Shrine","floor":2,"gold_loss":0,"cards_upgraded":["Armaments"]},{"damage_healed":0,"gold_gain":0,"player_choice":"Grow","damage_taken":0,"max_hp_gain":0,"max_hp_loss":0,"event_name":"Living Wall","floor":4,"gold_loss":0,"cards_upgraded":["Perfected Strike"]},{"damage_healed":0,"gold_gain":0,"player_choice":"Ignored","damage_taken":0,"max_hp_gain":0,"max_hp_loss":0,"event_name":"Ghosts","floor":20,"gold_loss":0},{"damage_healed":0,"gold_gain":0,"player_choice":"Simplicity","damage_taken":0,"max_hp_gain":0,"max_hp_loss":0,"event_name":"Back to Basics","floor":21,"gold_loss":0,"cards_upgraded":["Strike_R","Strike_R","Strike_R","Strike_R","Strike_R","Defend_R","Defend_R","Defend_R","Defend_R"]}],"is_beta":true,"boss_relics":[{"not_picked":["Runic Dome","Mark of Pain"],"picked":"Black Star"}],"items_purged_floors":[],"is_endless":false,"potions_floor_spawned":[7,11,14,16,18],"killed_by":"Sentry and Sphere","ascension_level":20}