{"gold_per_floor":[116,116,130,141,141,141,153,185,185,215,215,36,69,79,79,153,153,171,39,55,55,55,55,83,83,83,115,128,128,154,171,171,250,250,261,261,277,96,141,141,151,169,169,179,196,207,207,233,233,233],"floor_reached":50,"playtime":3082,"items_purged":["Strike_R","Shame"],"score":1104,"play_id":"16cbc8bd-1edc-4459-a955-c26b55e3a487","local_time":"20190418184435","is_ascension_mode":true,"campfire_choices":[{"data":"Bash","floor":6,"key":"SMITH"},{"data":"Clothesline","floor":11,"key":"SMITH"},{"data":"Metallicize","floor":15,"key":"SMITH"},{"data":"Immolate","floor":23,"key":"SMITH"},{"data":"Battle Trance","floor":25,"key":"SMITH"},{"data":"Rampage","floor":29,"key":"SMITH"},{"data":"Shrug It Off","floor":32,"key":"SMITH"},{"floor":40,"key":"RECALL"},{"floor":47,"key":"REST"},{"floor":49,"key":"REST"}],"neow_cost":"NONE","seed_source_timestamp":325370347219661,"circlet_count":0,"master_deck":["AscendersBane","Strike_R","Strike_R+1","Defend_R","Defend_R","Defend_R+1","Defend_R","Bash+1","Shrug It Off+1","Clothesline+1","Rampage+1","Headbutt","Offering","Immolate+1","Metallicize+1","Feel No Pain","Reaper+1","Battle Trance+1","Shockwave","Shrug It Off","Headbutt+1","Dark Embrace","Disarm","Searing Blow+1","Burning Pact","Writhe","Evolve","Shame","Sentinel+1","Battle Trance"],"relics":["Burning Blood","Bottled Flame","Pear","Ornamental Fan","Molten Egg 2","Cursed Key","FossilizedHelix","Meat on the Bone","Vajra","PreservedInsect","Fusion Hammer","Bag of Preparation","Juzu Bracelet"],"potions_floor_usage":[10,16,24,24,27,30,33],"damage_taken":[{"damage":2,"enemies":"2 Louse","floor":1,"turns":5},{"damage":4,"enemies":"Small Slimes","floor":3,"turns":4},{"damage":0,"enemies":"Cultist","floor":4,"turns":3},{"damage":2,"enemies":"2 Fungi Beasts","floor":7,"turns":4},{"damage":22,"enemies":"Lagavulin","floor":8,"turns":7},{"damage":42,"enemies":"3 Sentries","floor":10,"turns":11},{"damage":14,"enemies":"Gremlin Nob","floor":13,"turns":3},{"damage":6,"enemies":"Exordium Thugs","floor":14,"turns":3},{"damage":16,"enemies":"The Guardian","floor":16,"turns":8},{"damage":25,"enemies":"2 Thieves","floor":18,"turns":3},{"damage":6,"enemies":"Chosen","floor":20,"turns":4},{"damage":38,"enemies":"Slavers","floor":24,"turns":4},{"damage":29,"enemies":"Gremlin Leader","floor":27,"turns":4},{"damage":13,"enemies":"Snake Plant","floor":28,"turns":4},{"damage":23,"enemies":"Book of Stabbing","floor":30,"turns":5},{"damage":2,"enemies":"Centurion and Healer","floor":31,"turns":5},{"damage":49,"enemies":"Champ","floor":33,"turns":10},{"damage":0,"enemies":"3 Darklings","floor":35,"turns":2},{"damage":4,"enemies":"3 Shapes","floor":37,"turns":2},{"damage":13,"enemies":"Maw","floor":41,"turns":7},{"damage":24,"enemies":"Sphere and 2 Shapes","floor":42,"turns":5},{"damage":33,"enemies":"Spire Growth","floor":44,"turns":4},{"damage":40,"enemies":"Maw","floor":45,"turns":7},{"damage":4,"enemies":"4 Shapes","floor":46,"turns":7},{"damage":47,"enemies":"Giant Head","floor":48,"turns":7},{"damage":104,"enemies":"Donu and Deca","floor":50,"turns":7}],"seed_played":"-8491589003019581206","potions_obtained":[{"floor":3,"key":"Regen Potion"},{"floor":8,"key":"Strength Potion"},{"floor":16,"key":"Ancient Potion"},{"floor":24,"key":"EssenceOfSteel"},{"floor":27,"key":"Energy Potion"},{"floor":30,"key":"Energy Potion"},{"floor":33,"key":"SpeedPotion"},{"floor":41,"key":"Fire Potion"},{"floor":44,"key":"LiquidBronze"}],"is_trial":false,"path_per_floor":["M","?","M","M","?","R","M","E","T","E","R","$","E","M","R","B",null,"M","$","M","?","$","R","E","R","T","E","M","R","E","M","R","B",null,"M","?","M","$","T","R","M","M","T","M","M","M","R","E","R","B"],"character_chosen":"IRONCLAD","items_purchased":["Immolate","SteroidPotion","Burning Pact"],"campfire_rested":2,"item_purchase_floors":[12,19,38],"current_hp_per_floor":[79,54,56,62,62,62,66,50,60,39,39,39,31,31,31,21,74,67,67,74,74,74,74,42,42,42,43,54,54,49,65,65,34,78,84,84,86,86,86,86,88,82,82,55,39,68,92,63,90,0],"gold":233,"neow_bonus":"TEN_PERCENT_HP_BONUS","is_prod":false,"is_daily":false,"chose_seed":false,"campfire_upgraded":7,"win_rate":0,"timestamp":1555638275,"path_taken":["M","?","M","M","?","R","M","E","T","E","R","$","E","?","R","BOSS","M","$","M","?","?","R","E","R","T","E","M","R","E","M","R","BOSS","M","?","M","$","?","R","M","M","T","M","M","?","R","E","R","BOSS"],"build_version":"2019-04-04","purchased_purges":2,"victory":false,"max_hp_per_floor":[82,82,82,82,82,82,82,82,92,92,92,92,92,92,92,92,92,92,92,92,92,92,92,92,92,92,92,92,92,92,92,92,92,92,92,92,92,92,92,92,92,92,92,92,92,92,92,92,92,92],"card_choices":[{"not_picked":["Flex","Headbutt"],"picked":"Shrug It Off","floor":1},{"not_picked":["Evolve","Shockwave"],"picked":"Clothesline","floor":3},{"not_picked":["Power Through","Dual Wield"],"picked":"Rampage","floor":4},{"not_picked":["Thunderclap","Anger"],"picked":"Headbutt","floor":7},{"not_picked":["Metallicize","Whirlwind"],"picked":"Offering","floor":8},{"not_picked":["Sentinel","Clash","Heavy Blade"],"picked":"SKIP","floor":10},{"not_picked":["Cleave","Flex"],"picked":"Metallicize","floor":13},{"not_picked":["Perfected Strike+1","Body Slam+1"],"picked":"Feel No Pain","floor":14},{"not_picked":["Offering","Double Tap"],"picked":"Reaper+1","floor":16},{"not_picked":["Twin Strike+1","Clash+1","Wild Strike+1"],"picked":"SKIP","floor":18},{"not_picked":["Armaments","Reaper+1"],"picked":"Battle Trance","floor":20},{"not_picked":["Havoc","Flex","Thunderclap+1"],"picked":"SKIP","floor":24},{"not_picked":["Pommel Strike+1","Sever Soul+1"],"picked":"Shockwave","floor":27},{"not_picked":["Heavy Blade+1","Sword Boomerang+1","Cleave+1"],"picked":"SKIP","floor":28},{"not_picked":["Flex+1","Headbutt+1"],"picked":"Shrug It Off","floor":30},{"not_picked":["Iron Wave+1","Carnage+1"],"picked":"Headbutt+1","floor":31},{"not_picked":["Berserk","Brutality"],"picked":"Dark Embrace","floor":33},{"not_picked":["Headbutt+1","Thunderclap+1"],"picked":"Disarm","floor":35},{"not_picked":["Armaments","Whirlwind+1","Cleave+1"],"picked":"SKIP","floor":37},{"not_picked":["Iron Wave+1","Anger+1"],"picked":"Evolve","floor":41},{"not_picked":["Twin Strike+1","Combust","Thunderclap+1"],"picked":"SKIP","floor":42},{"not_picked":["Body Slam+1","Armaments","Berserk"],"picked":"SKIP","floor":44},{"not_picked":["Twin Strike+1","Thunderclap+1"],"picked":"Sentinel+1","floor":45},{"not_picked":["Body Slam+1","Armaments+1","Iron Wave+1"],"picked":"SKIP","floor":46},{"not_picked":["Sword Boomerang+1","Twin Strike+1"],"picked":"Battle Trance","floor":48}],"player_experience":5698848,"relics_obtained":[{"floor":8,"key":"Bottled Flame"},{"floor":9,"key":"Pear"},{"floor":10,"key":"Ornamental Fan"},{"floor":13,"key":"Molten Egg 2"},{"floor":24,"key":"FossilizedHelix"},{"floor":26,"key":"Meat on the Bone"},{"floor":27,"key":"Vajra"},{"floor":30,"key":"PreservedInsect"},{"floor":39,"key":"Bag of Preparation"},{"floor":48,"key":"Juzu Bracelet"}],"event_choices":[{"damage_healed":0,"gold_gain":0,"player_choice":"Entered Light","damage_taken":25,"max_hp_gain":0,"max_hp_loss":0,"event_name":"Shining Light","floor":2,"gold_loss":0,"cards_upgraded":["Strike_R","Defend_R"]},{"cards_removed":["Strike_R"],"damage_healed":0,"gold_gain":0,"player_choice":"Purged","damage_taken":0,"max_hp_gain":0,"max_hp_loss":0,"event_name":"Purifier","floor":5,"gold_loss":0},{"damage_healed":0,"gold_gain":0,"player_choice":"Ignored","damage_taken":0,"max_hp_gain":0,"max_hp_loss":0,"event_name":"The Mausoleum","floor":21,"gold_loss":0},{"damage_healed":0,"gold_gain":0,"cards_transformed":["Strike_R"],"player_choice":"Transformed","damage_taken":0,"max_hp_gain":0,"max_hp_loss":0,"event_name":"Transmorgrifier","floor":36,"gold_loss":0,"cards_obtained":["Searing Blow"]}],"is_beta":true,"boss_relics":[{"not_picked":["Ectoplasm","Lizard Tail"],"picked":"Cursed Key"},{"not_picked":["White Beast Statue","Busted Crown"],"picked":"Fusion Hammer"}],"items_purged_floors":[19,38],"is_endless":false,"potions_floor_spawned":[3,8,16,20,24,27,30,33,41,44],"killed_by":"Donu and Deca","ascension_level":20}