{"gold_per_floor":[117,117,117,117,42,75,75,94,94,106,106,125,125,154,154,228,228,244,260,260,32,47,47,82,94,94,94,125,175,175,207,207,284,284,298,298,298,298,318,350,135,155,155,155,55,82,82,93,93,93,93,93,93,37,70,70],"floor_reached":56,"playtime":4072,"items_purged":["Strike_R","Doubt"],"score":2138,"play_id":"5c7c7ab4-f759-4811-874e-0cd40e01d34e","local_time":"20190414152642","is_ascension_mode":true,"campfire_choices":[{"data":"Juggernaut","floor":7,"key":"SMITH"},{"data":"Hemokinesis","floor":11,"key":"SMITH"},{"data":"Whirlwind","floor":13,"key":"SMITH"},{"data":"Entrench","floor":15,"key":"SMITH"},{"floor":23,"key":"REST"},{"data":"Combust","floor":27,"key":"SMITH"},{"data":"True Grit","floor":30,"key":"SMITH"},{"data":"Offering","floor":32,"key":"SMITH"},{"floor":44,"key":"REST"},{"floor":47,"key":"RECALL"},{"data":"Disarm","floor":49,"key":"SMITH"},{"floor":53,"key":"REST"}],"neow_cost":"PERCENT_DAMAGE","seed_source_timestamp":346860401958142,"circlet_count":0,"master_deck":["AscendersBane","Strike_R","Defend_R","Defend_R","Defend_R","Defend_R","Bash","Juggernaut+1","Hemokinesis+1","Power Through","Shrug It Off","Evolve","Whirlwind+1","Entrench+1","Barricade","Metallicize","Combust+1","Anger+1","True Grit+1","Power Through+1","Offering+1","Headbutt+1","Apotheosis","Disarm+1","Clothesline","Second Wind","Burning Pact","Headbutt"],"relics":["Burning Blood","Darkstone Periapt","Orichalcum","Bronze Scales","Cursed Key","Pen Nib","Ancient Tea Set","Centennial Puzzle","Snecko Eye","Blood Vial","ClockworkSouvenir","Art of War","Dodecahedron"],"potions_floor_usage":[6,12,16,24,28,31,33,51,55,56,56],"damage_taken":[{"damage":5,"enemies":"Small Slimes","floor":1,"turns":4},{"damage":33,"enemies":"Lagavulin","floor":6,"turns":8},{"damage":9,"enemies":"Jaw Worm","floor":8,"turns":5},{"damage":0,"enemies":"2 Louse","floor":10,"turns":2},{"damage":3,"enemies":"Large Slime","floor":12,"turns":7},{"damage":11,"enemies":"3 Sentries","floor":14,"turns":6},{"damage":39,"enemies":"Hexaghost","floor":16,"turns":9},{"damage":6,"enemies":"Spheric Guardian","floor":18,"turns":6},{"damage":39,"enemies":"Chosen","floor":19,"turns":6},{"damage":25,"enemies":"Sentry and Sphere","floor":22,"turns":4},{"damage":0,"enemies":"Slavers","floor":24,"turns":1},{"damage":5,"enemies":"3 Cultists","floor":25,"turns":3},{"damage":7,"enemies":"Gremlin Leader","floor":28,"turns":6},{"damage":14,"enemies":"Book of Stabbing","floor":31,"turns":4},{"damage":17,"enemies":"Automaton","floor":33,"turns":11},{"damage":17,"enemies":"3 Darklings","floor":35,"turns":7},{"damage":6,"enemies":"Orb Walker","floor":39,"turns":2},{"damage":30,"enemies":"Nemesis","floor":40,"turns":23},{"damage":0,"enemies":"Jaw Worm Horde","floor":42,"turns":1},{"damage":6,"enemies":"Giant Head","floor":46,"turns":14},{"damage":0,"enemies":"3 Darklings","floor":48,"turns":1},{"damage":15,"enemies":"Time Eater","floor":50,"turns":20},{"damage":56,"enemies":"Awakened One","floor":51,"turns":42},{"damage":71,"enemies":"Shield and Spear","floor":55,"turns":9},{"damage":26,"enemies":"The Heart","floor":56,"turns":3}],"seed_played":"4352324751096696702","potions_obtained":[{"floor":1,"key":"SpeedPotion"},{"floor":6,"key":"SteroidPotion"},{"floor":10,"key":"Block Potion"},{"floor":22,"key":"Explosive Potion"},{"floor":28,"key":"Weak Potion"},{"floor":31,"key":"EssenceOfSteel"},{"floor":39,"key":"Fire Potion"},{"floor":40,"key":"Explosive Potion"},{"floor":46,"key":"LiquidBronze"},{"floor":55,"key":"Block Potion"}],"is_trial":false,"path_per_floor":["M","?","?","?","?","E","R","M","T","M","R","M","R","E","R","B",null,"M","M","?","$","M","R","E","M","T","R","E","?","R","E","R","B",null,"M","?","?","?","M","E","$","M","T","R","$","E","R","M","R","B","B",null,"R","$","E","B"],"character_chosen":"IRONCLAD","items_purchased":["SteroidPotion","Poison Potion","Combust","ClockworkSouvenir","PowerPotion"],"campfire_rested":3,"item_purchase_floors":[21,21,21,41,54],"current_hp_per_floor":[51,44,44,69,69,42,42,39,39,45,45,48,48,43,43,10,59,59,26,26,26,7,29,35,36,36,36,35,35,35,27,27,16,60,49,49,49,49,49,25,25,33,39,63,63,65,65,73,73,66,18,65,81,81,16,0],"gold":70,"neow_bonus":"THREE_RARE_CARDS","is_prod":false,"is_daily":false,"chose_seed":false,"campfire_upgraded":8,"win_rate":0,"timestamp":1555280802,"path_taken":["M","?","?","?","?","E","R","M","T","M","R","M","R","E","R","BOSS","M","M","?","$","M","R","E","?","T","R","E","?","R","E","R","BOSS","M","?","?","?","M","E","$","M","T","R","?","E","R","M","R","BOSS","BOSS","R","$","E","BOSS"],"build_version":"2019-04-04","purchased_purges":2,"victory":false,"max_hp_per_floor":[75,75,75,75,75,75,75,75,75,75,75,75,75,75,75,75,75,75,75,75,75,75,75,75,75,75,75,75,75,75,75,75,75,75,75,75,75,75,75,75,75,75,81,81,81,81,81,81,81,81,81,81,81,81,81,81],"card_choices":[{"not_picked":["Brutality","Demon Form"],"picked":"Juggernaut","floor":0},{"not_picked":["Infernal Blade","Clothesline"],"picked":"Hemokinesis","floor":1},{"not_picked":["Combust","Iron Wave"],"picked":"Power Through","floor":6},{"not_picked":["Iron Wave","Clothesline"],"picked":"Shrug It Off","floor":8},{"not_picked":["Body Slam","Armaments"],"picked":"Evolve","floor":10},{"not_picked":["Cleave","Pommel Strike"],"picked":"Whirlwind","floor":12},{"not_picked":["Demon Form","Rage"],"picked":"Entrench","floor":14},{"not_picked":["Dark Embrace","Brutality"],"picked":"Barricade","floor":16},{"not_picked":["Cleave","Pommel Strike","Flex"],"picked":"SKIP","floor":18},{"not_picked":["True Grit+1","Warcry"],"picked":"Metallicize","floor":19},{"not_picked":["Rampage","Thunderclap"],"picked":"Anger+1","floor":22},{"not_picked":["Perfected Strike","Pommel Strike"],"picked":"True Grit","floor":24},{"not_picked":["Anger+1","Body Slam"],"picked":"Power Through+1","floor":25},{"not_picked":["Limit Break","Heavy Blade","True Grit"],"picked":"SKIP","floor":28},{"not_picked":["True Grit","Perfected Strike"],"picked":"Offering","floor":31},{"not_picked":["Reaper","Limit Break"],"picked":"Fiend Fire","floor":33},{"not_picked":["Body Slam","Perfected Strike+1"],"picked":"Headbutt+1","floor":35},{"not_picked":["Impatience","Deep Breath"],"picked":"Apotheosis","floor":36},{"not_picked":["Thunderclap","Evolve","Flex"],"picked":"SKIP","floor":39},{"not_picked":["Intimidate","Thunderclap"],"picked":"Disarm","floor":40},{"not_picked":["Seeing Red+1","Bloodletting"],"picked":"Clothesline","floor":42},{"not_picked":["Infernal Blade","Dropkick+1"],"picked":"Second Wind","floor":46},{"not_picked":["Second Wind","Heavy Blade"],"picked":"Burning Pact","floor":48},{"not_picked":["Armaments","Shockwave"],"picked":"Headbutt","floor":55}],"player_experience":5593429,"relics_obtained":[{"floor":6,"key":"Darkstone Periapt"},{"floor":9,"key":"Orichalcum"},{"floor":14,"key":"Bronze Scales"},{"floor":24,"key":"Pen Nib"},{"floor":28,"key":"Ancient Tea Set"},{"floor":31,"key":"Centennial Puzzle"},{"floor":40,"key":"Blood Vial"},{"floor":46,"key":"Art of War"},{"floor":55,"key":"Dodecahedron"}],"event_choices":[{"cards_removed":["Strike_R"],"damage_healed":0,"gold_gain":0,"player_choice":"Card Removal","damage_taken":7,"max_hp_gain":0,"max_hp_loss":0,"event_name":"Golden Wing","floor":2,"gold_loss":0},{"damage_healed":0,"gold_gain":0,"player_choice":"Ignored","damage_taken":0,"max_hp_gain":0,"max_hp_loss":0,"event_name":"Liars Game","floor":3,"gold_loss":0},{"damage_healed":25,"gold_gain":0,"player_choice":"Banana","damage_taken":0,"max_hp_gain":0,"max_hp_loss":0,"event_name":"Big Fish","floor":4,"gold_loss":0},{"cards_removed":["Strike_R"],"damage_healed":0,"gold_gain":0,"player_choice":"Card Removal","damage_taken":0,"max_hp_gain":0,"max_hp_loss":0,"event_name":"The Cleric","floor":5,"gold_loss":75},{"cards_removed":["Strike_R"],"damage_healed":0,"gold_gain":0,"player_choice":"Purged","damage_taken":0,"max_hp_gain":0,"max_hp_loss":0,"event_name":"Purifier","floor":20,"gold_loss":0},{"damage_healed":0,"gold_gain":50,"player_choice":"Stole From Cult","damage_taken":0,"max_hp_gain":0,"max_hp_loss":0,"event_name":"Nest","floor":29,"gold_loss":0},{"damage_healed":0,"gold_gain":0,"player_choice":"Memory 1","damage_taken":0,"max_hp_gain":0,"max_hp_loss":0,"event_name":"SensoryStone","floor":36,"gold_loss":0},{"cards_removed":["Fiend Fire"],"damage_healed":0,"gold_gain":0,"player_choice":"Removed Attack","damage_taken":0,"max_hp_gain":0,"max_hp_loss":0,"event_name":"Falling","floor":37,"gold_loss":0},{"damage_healed":0,"gold_gain":0,"player_choice":"Ignored","damage_taken":0,"max_hp_gain":0,"max_hp_loss":0,"event_name":"Tomb of Lord Red Mask","floor":38,"gold_loss":0}],"is_beta":true,"boss_relics":[{"not_picked":["Astrolabe","Lizard Tail"],"picked":"Cursed Key"},{"not_picked":["Runic Pyramid","Velvet Choker"],"picked":"Snecko Eye"}],"items_purged_floors":[21,45],"is_endless":false,"potions_floor_spawned":[1,6,10,22,28,31,39,40,46,48,55],"killed_by":"The Heart","ascension_level":20}