{"gold_per_floor":[112,124,138,6,18,18,59,77,77,93,93,134,59,92,92,187,187,210,52,52,73,97,97,131,143,155,211,162,174],"floor_reached":29,"playtime":1189,"items_purged":["Strike_B","Hello World"],"score":591,"play_id":"2e13cdd5-7599-467c-ba79-5dd312cb06b0","local_time":"20190501005723","is_ascension_mode":true,"campfire_choices":[{"data":"Biased Cognition","floor":11,"key":"SMITH"},{"floor":15,"key":"REST"},{"data":"Electrodynamics","floor":23,"key":"SMITH"},{"data":"Loop","floor":25,"key":"SMITH"}],"neow_cost":"NONE","seed_source_timestamp":55137505094480,"circlet_count":0,"master_deck":["AscendersBane","Dualcast","Sweeping Beam","Gash","Self Repair","Gash","Gash","Biased Cognition+1","Conserve Battery+1","Electrodynamics+1","Stack+1","Scrape","Hologram+1","Steam Power+1","Hologram+1","Gash","Loop+1","Meteor Strike","Glacier+1"],"relics":["Cracked Core","NeowsBlessing","Golden Idol","Orichalcum","Singing Bowl","Mango","Toxic Egg 2","Pandora\u0027s Box","MawBank","Ornamental Fan","Question Card"],"potions_floor_usage":[7,14,16,24,27],"damage_taken":[{"damage":0,"enemies":"Cultist","floor":1,"turns":1},{"damage":0,"enemies":"Small Slimes","floor":2,"turns":1},{"damage":0,"enemies":"2 Louse","floor":3,"turns":1},{"damage":14,"enemies":"Blue Slaver","floor":5,"turns":5},{"damage":32,"enemies":"Gremlin Nob","floor":7,"turns":4},{"damage":7,"enemies":"Red Slaver","floor":8,"turns":3},{"damage":0,"enemies":"Exordium Wildlife","floor":10,"turns":2},{"damage":24,"enemies":"Lagavulin","floor":12,"turns":6},{"damage":27,"enemies":"Gremlin Nob","floor":14,"turns":4},{"damage":17,"enemies":"The Guardian","floor":16,"turns":8},{"damage":12,"enemies":"Chosen","floor":18,"turns":4},{"damage":23,"enemies":"Shell Parasite","floor":21,"turns":4},{"damage":11,"enemies":"Sentry and Sphere","floor":22,"turns":4},{"damage":11,"enemies":"Slavers","floor":24,"turns":3},{"damage":34,"enemies":"Book of Stabbing","floor":27,"turns":4},{"damage":14,"enemies":"Centurion and Healer","floor":29,"turns":1}],"seed_played":"-8605199885007943433","potions_obtained":[{"floor":3,"key":"SmokeBomb"},{"floor":7,"key":"Swift Potion"},{"floor":8,"key":"Dexterity Potion"},{"floor":10,"key":"Poison Potion"},{"floor":12,"key":"PowerPotion"},{"floor":16,"key":"Fire Potion"},{"floor":18,"key":"Poison Potion"}],"is_trial":false,"path_per_floor":["M","M","M","$","M","?","E","M","T","M","R","E","?","E","R","B",null,"M","$","?","M","M","R","E","R","T","E","?","M"],"character_chosen":"DEFECT","items_purchased":["Poison Potion","Gash"],"campfire_rested":1,"item_purchase_floors":[4,19],"current_hp_per_floor":[64,64,64,64,57,57,32,32,32,39,39,38,38,18,42,32,68,63,63,63,49,47,47,43,43,43,11,11,0],"gold":174,"neow_bonus":"THREE_ENEMY_KILL","is_prod":false,"is_daily":false,"chose_seed":false,"campfire_upgraded":3,"win_rate":0,"timestamp":1556697443,"path_taken":["M","?","M","$","M","?","E","M","T","M","R","E","?","E","R","BOSS","M","$","?","M","M","R","E","R","T","E","?","?"],"build_version":"2019-04-23","purchased_purges":2,"victory":false,"max_hp_per_floor":[71,71,71,71,71,64,64,64,64,64,64,80,80,80,80,80,80,80,80,80,82,84,84,84,84,84,86,86,86],"card_choices":[{"not_picked":["Compile Driver","Storm"],"picked":"Sweeping Beam","floor":1},{"not_picked":["Barrage","Streamline"],"picked":"Gash","floor":2},{"not_picked":["Leap","Heatsinks"],"picked":"Self Repair","floor":3},{"not_picked":["Steam Power","Double Energy"],"picked":"Gash","floor":5},{"not_picked":["Heatsinks","Darkness"],"picked":"Gash","floor":7},{"not_picked":["Lockon","Force Field","Rip and Tear"],"picked":"SKIP","floor":8},{"not_picked":["Stack","Leap"],"picked":"Biased Cognition","floor":10},{"not_picked":["Go for the Eyes","Barrage","Sweeping Beam"],"picked":"Singing Bowl","floor":12},{"not_picked":["Gash","Stack"],"picked":"Conserve Battery","floor":14},{"not_picked":["Machine Learning","Fission+1"],"picked":"Electrodynamics","floor":16},{"not_picked":["Rebound","Rip and Tear"],"picked":"Hologram+1","floor":18},{"not_picked":["Beam Cell+1","Hologram+1","Rip and Tear"],"picked":"Singing Bowl","floor":21},{"not_picked":["Streamline","Beam Cell+1","Ball Lightning"],"picked":"Singing Bowl","floor":22},{"not_picked":["Auto Shields+1","Compile Driver+1"],"picked":"Glacier+1","floor":24},{"not_picked":["Rebound","Fission+1","Fusion+1"],"picked":"Singing Bowl","floor":27}],"player_experience":6010815,"relics_obtained":[{"floor":7,"key":"Orichalcum"},{"floor":9,"key":"Singing Bowl"},{"floor":12,"key":"Mango"},{"floor":14,"key":"Toxic Egg 2"},{"floor":24,"key":"MawBank"},{"floor":27,"key":"Ornamental Fan"}],"event_choices":[{"damage_healed":0,"gold_gain":0,"player_choice":"Lose Max HP","damage_taken":0,"relics_obtained":["Golden Idol"],"max_hp_gain":0,"max_hp_loss":7,"event_name":"Golden Idol","floor":6,"gold_loss":0},{"cards_removed":["Strike_B"],"damage_healed":0,"gold_gain":0,"player_choice":"Card Removal","damage_taken":0,"max_hp_gain":0,"max_hp_loss":0,"event_name":"The Cleric","floor":13,"gold_loss":75},{"damage_healed":0,"gold_gain":0,"cards_transformed":["Heatsinks","Zap"],"player_choice":"Became Test Subject","damage_taken":0,"max_hp_gain":0,"max_hp_loss":0,"event_name":"Drug Dealer","floor":20,"gold_loss":0,"cards_obtained":["Loop","Meteor Strike"]},{"damage_healed":0,"gold_gain":0,"player_choice":"Paid Gold","damage_taken":0,"relics_obtained":["Question Card"],"max_hp_gain":0,"max_hp_loss":0,"event_name":"WeMeetAgain","floor":28,"gold_loss":61}],"is_beta":true,"boss_relics":[{"not_picked":["Astrolabe","Calling Bell"],"picked":"Pandora\u0027s Box"}],"items_purged_floors":[4,19],"is_endless":false,"potions_floor_spawned":[3,7,8,10,12,16,18],"killed_by":"Centurion and Healer","ascension_level":20}