{"gold_per_floor":[125,147,159,171,197,209,252,264,276,331,343,386,12,45,45,140,140,158,158,178,14,33,33,33,33,33,51,94,30,71,96,96,189,189,204,26,26,151,172,172,207,232,232,268,289,289,314,357,357,357,357,357,357,4,43,43],"floor_reached":57,"playtime":5631,"items_purged":["Strike_G","Strike_G"],"score":2962,"play_id":"5206c108-b5dd-4359-9b1b-f0b2bb3b2348","local_time":"20190425142619","is_ascension_mode":true,"campfire_choices":[{"data":"Neutralize","floor":6,"key":"SMITH"},{"data":"Glass Knife","floor":8,"key":"SMITH"},{"floor":11,"key":"REST"},{"data":"Noxious Fumes","floor":15,"key":"SMITH"},{"data":"Well Laid Plans","floor":23,"key":"SMITH"},{"data":"Dash","floor":25,"key":"SMITH"},{"data":"Night Terror","floor":32,"key":"SMITH"},{"data":"After Image","floor":40,"key":"SMITH"},{"floor":46,"key":"RECALL"},{"data":"Survivor","floor":49,"key":"SMITH"},{"data":"Defend_G","floor":53,"key":"SMITH"}],"neow_cost":"NONE","seed_source_timestamp":262378367876379,"circlet_count":0,"master_deck":["AscendersBane","Defend_G","Defend_G","Defend_G","Defend_G","Defend_G+1","Strike_G","Strike_G","Strike_G","Survivor+1","Neutralize+1","Dash+1","Night Terror+1","Dagger Spray","Glass Knife+1","Infinite Blades","Noxious Fumes+1","PiercingWail+1","Well Laid Plans+1","Adrenaline+1","PiercingWail+1","Backstab+1","Crippling Poison+1","Backflip+1","Prepared+1","Prepared+1","Catalyst+1","Expertise+1","Cloak And Dagger+1","After Image+1","Well Laid Plans","Backflip+1","Poisoned Stab+1","Cloak And Dagger+1","Leg Sweep+1","Deadly Poison+1","Reflex+1","Footwork","Footwork","Blur+1"],"relics":["Ring of the Snake","MawBank","Golden Idol","Mango","Turnip","Molten Egg 2","The Courier","Toxic Egg 2","Oddly Smooth Stone","Smiling Mask","Coffee Dripper","Centennial Puzzle","Gremlin Horn","Kunai","WristBlade","Blood Vial","The Specimen","Bottled Lightning","Lantern","Bottled Tornado","Medical Kit","Ornamental Fan"],"potions_floor_usage":[7,22,35,55,56],"damage_taken":[{"damage":4,"enemies":"Small Slimes","floor":1,"turns":4},{"damage":0,"enemies":"Cultist","floor":2,"turns":4},{"damage":2,"enemies":"Jaw Worm","floor":5,"turns":4},{"damage":18,"enemies":"Gremlin Nob","floor":7,"turns":4},{"damage":10,"enemies":"Lagavulin","floor":10,"turns":7},{"damage":19,"enemies":"3 Sentries","floor":12,"turns":8},{"damage":8,"enemies":"Gremlin Nob","floor":14,"turns":3},{"damage":5,"enemies":"Hexaghost","floor":16,"turns":10},{"damage":0,"enemies":"Spheric Guardian","floor":18,"turns":5},{"damage":5,"enemies":"3 Byrds","floor":20,"turns":4},{"damage":15,"enemies":"Snecko","floor":22,"turns":6},{"damage":18,"enemies":"Snake Plant","floor":27,"turns":5},{"damage":1,"enemies":"Book of Stabbing","floor":28,"turns":5},{"damage":0,"enemies":"Gremlin Leader","floor":30,"turns":3},{"damage":0,"enemies":"Sentry and Sphere","floor":31,"turns":5},{"damage":5,"enemies":"Automaton","floor":33,"turns":6},{"damage":0,"enemies":"Orb Walker","floor":35,"turns":4},{"damage":3,"enemies":"Mind Bloom Boss Battle","floor":38,"turns":6},{"damage":0,"enemies":"3 Shapes","floor":39,"turns":5},{"damage":3,"enemies":"Reptomancer","floor":41,"turns":4},{"damage":0,"enemies":"3 Darklings","floor":42,"turns":4},{"damage":0,"enemies":"Nemesis","floor":44,"turns":9},{"damage":0,"enemies":"Jaw Worm Horde","floor":45,"turns":4},{"damage":21,"enemies":"Spire Growth","floor":47,"turns":4},{"damage":0,"enemies":"Giant Head","floor":48,"turns":4},{"damage":16,"enemies":"Awakened One","floor":50,"turns":16},{"damage":2,"enemies":"Donu and Deca","floor":51,"turns":11},{"damage":15,"enemies":"Shield and Spear","floor":55,"turns":8},{"damage":49,"enemies":"The Heart","floor":56,"turns":11}],"seed_played":"7939837136037002215","potions_obtained":[{"floor":1,"key":"FearPotion"},{"floor":16,"key":"GamblersBrew"},{"floor":27,"key":"Fire Potion"},{"floor":31,"key":"Fruit Juice"},{"floor":35,"key":"GamblersBrew"},{"floor":55,"key":"Fire Potion"}],"is_trial":false,"path_per_floor":["M","M","?","?","M","R","E","R","T","E","R","E","$","E","R","B",null,"M","?","M","$","M","R","$","R","T","M","E","$","E","M","R","B",null,"M","$","?","?","M","R","E","M","T","E","M","R","M","E","R","B","B",null,"R","$","E","B",null],"character_chosen":"THE_SILENT","items_purchased":["Toxic Egg 2","Oddly Smooth Stone","PiercingWail+1","Crippling Poison+1","Backflip+1","GhostInAJar","Catalyst+1","Blood Vial","Medical Kit","Footwork","Footwork"],"campfire_rested":1,"item_purchase_floors":[13,13,13,21,21,21,29,36,54,54,54],"current_hp_per_floor":[55,55,55,55,53,53,49,49,49,39,61,42,42,34,34,29,63,63,63,58,58,43,43,43,43,43,25,24,24,24,24,24,19,60,65,65,65,64,66,66,65,67,67,69,71,71,52,54,54,40,40,69,69,69,56,9],"gold":43,"neow_bonus":"RANDOM_COMMON_RELIC","is_prod":false,"is_daily":false,"chose_seed":false,"campfire_upgraded":9,"win_rate":0,"timestamp":1556227579,"path_taken":["M","M","?","?","?","R","E","R","T","E","R","E","$","E","R","BOSS","M","?","M","$","M","R","?","R","T","?","E","$","E","M","R","BOSS","M","$","?","?","M","R","E","M","T","E","M","R","M","E","R","BOSS","BOSS","R","$","E","BOSS"],"build_version":"2019-04-23","purchased_purges":2,"victory":true,"max_hp_per_floor":[66,66,60,60,60,60,74,74,74,74,74,74,74,74,74,74,74,74,74,74,74,74,74,74,74,74,74,74,74,74,74,74,74,74,79,79,79,79,79,79,79,79,79,79,79,79,79,79,79,79,79,79,79,79,79,79],"card_choices":[{"not_picked":["Backflip","Acrobatics"],"picked":"Dash","floor":1},{"not_picked":["PiercingWail","Quick Slash"],"picked":"Poisoned Stab","floor":2},{"not_picked":["Bane","Dodge and Roll"],"picked":"Dagger Spray","floor":5},{"not_picked":["Underhanded Strike","Masterful Stab"],"picked":"Glass Knife","floor":7},{"not_picked":["Concentrate","Dagger Throw"],"picked":"Infinite Blades","floor":10},{"not_picked":["Outmaneuver","Cloak And Dagger"],"picked":"Noxious Fumes","floor":12},{"not_picked":["Distraction+1","Backflip+1"],"picked":"Well Laid Plans","floor":14},{"not_picked":["Storm of Steel+1","Burst+1"],"picked":"Adrenaline+1","floor":16},{"not_picked":["Flechettes+1","Riddle With Holes+1","Well Laid Plans"],"picked":"SKIP","floor":18},{"not_picked":["Quick Slash+1","Blade Dance+1"],"picked":"Backstab+1","floor":20},{"not_picked":["Dagger Throw+1","Endless Agony+1"],"picked":"Prepared+1","floor":22},{"not_picked":["Caltrops","Outmaneuver+1"],"picked":"Prepared+1","floor":27},{"not_picked":["Bullet Time+1","Prepared+1","Sucker Punch+1"],"picked":"SKIP","floor":28},{"not_picked":["Deadly Poison+1","Terror+1"],"picked":"Expertise+1","floor":30},{"not_picked":["Acrobatics+1","Expertise+1"],"picked":"Cloak And Dagger+1","floor":31},{"not_picked":["Storm of Steel+1","Phantasmal Killer+1"],"picked":"After Image","floor":33},{"not_picked":["Flying Knee+1","Endless Agony+1"],"picked":"Well Laid Plans","floor":35},{"not_picked":["Heel Hook+1","Acrobatics+1"],"picked":"Backflip+1","floor":38},{"not_picked":["Masterful Stab+1","Slice+1","Poisoned Stab+1"],"picked":"SKIP","floor":39},{"not_picked":["Masterful Stab+1","Slice+1"],"picked":"Poisoned Stab+1","floor":39},{"not_picked":["Noxious Fumes+1","Unload+1"],"picked":"Cloak And Dagger+1","floor":41},{"not_picked":["Bane+1","Dagger Spray+1"],"picked":"Leg Sweep+1","floor":42},{"not_picked":["Sucker Punch+1","Dash+1","Slice+1"],"picked":"SKIP","floor":44},{"not_picked":["Tactician+1","Blade Dance+1"],"picked":"Deadly Poison+1","floor":45},{"not_picked":["Setup+1","Masterful Stab+1","Bane+1"],"picked":"SKIP","floor":47},{"not_picked":["Choke+1","Prepared+1"],"picked":"Reflex+1","floor":48},{"not_picked":["Sucker Punch+1","Envenom"],"picked":"Blur+1","floor":55}],"player_experience":5840309,"relics_obtained":[{"floor":7,"key":"Mango"},{"floor":9,"key":"Turnip"},{"floor":10,"key":"Molten Egg 2"},{"floor":12,"key":"The Courier"},{"floor":14,"key":"Smiling Mask"},{"floor":26,"key":"Centennial Puzzle"},{"floor":28,"key":"Gremlin Horn"},{"floor":30,"key":"Kunai"},{"floor":38,"key":"The Specimen"},{"floor":41,"key":"Bottled Lightning"},{"floor":44,"key":"Lantern"},{"floor":48,"key":"Bottled Tornado"},{"floor":55,"key":"Ornamental Fan"}],"event_choices":[{"damage_healed":0,"gold_gain":0,"player_choice":"Lose Max HP","damage_taken":0,"relics_obtained":["Golden Idol"],"max_hp_gain":0,"max_hp_loss":6,"event_name":"Golden Idol","floor":3,"gold_loss":0},{"damage_healed":0,"gold_gain":0,"player_choice":"1 cards matched","damage_taken":0,"max_hp_gain":0,"max_hp_loss":0,"event_name":"Match and Keep!","floor":4,"gold_loss":0,"cards_obtained":["Night Terror"]},{"damage_healed":0,"gold_gain":0,"player_choice":"Read","damage_taken":0,"max_hp_gain":0,"max_hp_loss":0,"event_name":"The Library","floor":19,"gold_loss":0,"cards_obtained":["PiercingWail"]},{"cards_removed":["Poisoned Stab"],"damage_healed":0,"gold_gain":0,"player_choice":"Removed Attack","damage_taken":0,"max_hp_gain":0,"max_hp_loss":0,"event_name":"Falling","floor":37,"gold_loss":0},{"damage_healed":0,"gold_gain":0,"player_choice":"Fight","damage_taken":0,"max_hp_gain":0,"max_hp_loss":0,"event_name":"MindBloom","floor":38,"gold_loss":0}],"is_beta":true,"boss_relics":[{"not_picked":["Busted Crown","Velvet Choker"],"picked":"Coffee Dripper"},{"not_picked":["Philosopher\u0027s Stone","Runic Dome"],"picked":"WristBlade"}],"items_purged_floors":[36,54],"is_endless":false,"potions_floor_spawned":[1,16,27,28,31,35,45,47,48,55],"ascension_level":20}