{"gold_per_floor":[217,367,74,89,107,107,141,154,177,177,211,227,246,273,273,351,351,365,31,31,50,50,50,63,7,56,56,67,67,81,98,98,98],"floor_reached":33,"playtime":1574,"items_purged":["Doubt"],"score":538,"play_id":"2e83fae3-241f-4bd0-bb86-ac3c3ec3be8a","local_time":"20190424174920","is_ascension_mode":true,"campfire_choices":[{"data":"Bash","floor":6,"key":"SMITH"},{"floor":10,"key":"REST"},{"data":"Demon Form","floor":15,"key":"SMITH"},{"data":"Corruption","floor":23,"key":"SMITH"},{"floor":32,"key":"REST"}],"neow_cost":"NONE","seed_source_timestamp":192228342538432,"circlet_count":0,"master_deck":["AscendersBane","Strike_R+1","Strike_R+1","Defend_R+1","Defend_R","Defend_R+1","Defend_R","Bash+1","Shrug It Off","Demon Form+1","Combust","Feel No Pain","Corruption+1","Shrug It Off","Shrug It Off","Feed","Immolate","Pummel+1","Anger","Rupture","Clash","True Grit","True Grit"],"relics":["Burning Blood","War Paint","Red Skull","Ancient Tea Set","Whetstone","Bag of Marbles","Empty Cage","Bird Faced Urn","Dream Catcher"],"potions_floor_usage":[14,16,16,16,16,24,24,30,33],"damage_taken":[{"damage":2,"enemies":"Cultist","floor":1,"turns":4},{"damage":2,"enemies":"2 Louse","floor":4,"turns":3},{"damage":10,"enemies":"Small Slimes","floor":5,"turns":3},{"damage":30,"enemies":"Lagavulin","floor":7,"turns":10},{"damage":9,"enemies":"Looter","floor":8,"turns":4},{"damage":14,"enemies":"3 Sentries","floor":11,"turns":7},{"damage":18,"enemies":"Gremlin Gang","floor":12,"turns":3},{"damage":15,"enemies":"Exordium Wildlife","floor":13,"turns":7},{"damage":31,"enemies":"Gremlin Nob","floor":14,"turns":4},{"damage":4,"enemies":"Hexaghost","floor":16,"turns":8},{"damage":31,"enemies":"3 Byrds","floor":18,"turns":4},{"damage":26,"enemies":"2 Thieves","floor":21,"turns":4},{"damage":38,"enemies":"Chosen and Byrds","floor":24,"turns":7},{"damage":36,"enemies":"Sentry and Sphere","floor":28,"turns":8},{"damage":14,"enemies":"Snecko","floor":30,"turns":6},{"damage":17,"enemies":"Snake Plant","floor":31,"turns":4},{"damage":62,"enemies":"Collector","floor":33,"turns":5}],"seed_played":"-721961153877908706","potions_obtained":[{"floor":7,"key":"EntropicBrew"},{"floor":14,"key":"Fire Potion"},{"floor":16,"key":"Ancient Potion"},{"floor":18,"key":"Poison Potion"},{"floor":30,"key":"Strength Potion"}],"is_trial":false,"path_per_floor":["M","?","$","M","M","R","E","M","T","R","E","M","M","E","R","B",null,"M","$","?","M","$","R","M","$","T","?","M","?","M","M","R","B"],"character_chosen":"IRONCLAD","items_purchased":["War Paint","PowerPotion","Bird Faced Urn","SkillPotion"],"campfire_rested":2,"item_purchase_floors":[3,3,19,25],"current_hp_per_floor":[72,72,72,75,71,71,47,44,44,66,58,46,37,12,12,14,60,38,38,78,62,62,62,39,39,39,39,16,16,21,17,44,0],"gold":98,"neow_bonus":"HUNDRED_GOLD","is_prod":false,"is_daily":false,"chose_seed":false,"campfire_upgraded":3,"win_rate":0,"timestamp":1556153360,"path_taken":["M","?","$","M","M","R","E","M","T","R","E","M","M","E","R","BOSS","M","$","?","M","$","R","M","?","T","?","M","?","?","M","R","BOSS"],"build_version":"2019-04-23","purchased_purges":1,"victory":false,"max_hp_per_floor":[75,75,75,75,75,75,75,75,75,75,75,75,75,75,75,75,75,78,78,78,78,78,78,81,81,81,81,84,84,87,90,90,90],"card_choices":[{"not_picked":["Iron Wave","Thunderclap"],"picked":"Inflame","floor":1},{"not_picked":["Pommel Strike","True Grit"],"picked":"Shrug It Off","floor":4},{"not_picked":["Second Wind","Pommel Strike"],"picked":"Demon Form","floor":5},{"not_picked":["Corruption","Cleave"],"picked":"Combust","floor":7},{"not_picked":["Warcry","Whirlwind"],"picked":"Feel No Pain","floor":8},{"not_picked":["Rage","Body Slam"],"picked":"Corruption","floor":11},{"not_picked":["Searing Blow","Sever Soul"],"picked":"Shrug It Off","floor":12},{"not_picked":["Perfected Strike","Flame Barrier"],"picked":"Shrug It Off","floor":13},{"not_picked":["Sword Boomerang","Battle Trance"],"picked":"Feed","floor":14},{"not_picked":["Exhume","Bludgeon"],"picked":"Immolate","floor":16},{"not_picked":["Rampage","Flex"],"picked":"Pummel+1","floor":18},{"not_picked":["Perfected Strike","Havoc"],"picked":"Anger","floor":21},{"not_picked":["Clothesline","Pommel Strike","True Grit"],"picked":"SKIP","floor":24},{"not_picked":["Cleave","Whirlwind"],"picked":"Rupture","floor":28},{"not_picked":["Body Slam","Flex"],"picked":"True Grit","floor":30},{"not_picked":["Wild Strike","Body Slam","Flex"],"picked":"SKIP","floor":31},{"not_picked":["Headbutt","Rampage"],"picked":"True Grit","floor":32}],"player_experience":5828113,"relics_obtained":[{"floor":7,"key":"Red Skull"},{"floor":9,"key":"Ancient Tea Set"},{"floor":11,"key":"Whetstone"},{"floor":14,"key":"Bag of Marbles"},{"floor":26,"key":"Dream Catcher"}],"event_choices":[{"damage_healed":0,"gold_gain":150,"player_choice":"AGREE","damage_taken":0,"max_hp_gain":0,"max_hp_loss":0,"event_name":"Liars Game","floor":2,"gold_loss":0,"cards_obtained":["Doubt"]},{"cards_removed":["Inflame"],"damage_healed":40,"gold_gain":0,"player_choice":"Offered Uncommon","damage_taken":0,"max_hp_gain":0,"max_hp_loss":0,"event_name":"Bonfire Elementals","floor":20,"gold_loss":0},{"damage_healed":0,"gold_gain":0,"player_choice":"Ignored","damage_taken":0,"max_hp_gain":0,"max_hp_loss":0,"event_name":"Beggar","floor":27,"gold_loss":0},{"damage_healed":0,"gold_gain":0,"cards_transformed":["Strike_R"],"player_choice":"Transformed","damage_taken":0,"max_hp_gain":0,"max_hp_loss":0,"event_name":"Transmorgrifier","floor":29,"gold_loss":0,"cards_obtained":["Clash"]}],"is_beta":true,"boss_relics":[{"not_picked":["Calling Bell","Tiny House"],"picked":"Empty Cage"}],"items_purged_floors":[3],"is_endless":false,"potions_floor_spawned":[7,8,12,14,16,18,21,30],"killed_by":"Collector","ascension_level":20}