{"gold_per_floor":[117,135,152,152,25,25,50,50,102,114,138,184,215,244,256,345,357,384,410,454,741,34,62,62,92,92,92,92,117,117,129,129,206,206,216,216,438,455,473,499,499,30,100,128,143,157,157,189,189,189,189,189,189,60,90,90],"floor_reached":56,"playtime":4895,"items_purged":["Pain","Regret"],"score":2531,"play_id":"f14582d0-a401-4a98-b037-6f7ddb5eef0c","local_time":"20190423120551","is_ascension_mode":true,"campfire_choices":[{"data":"Leap","floor":6,"key":"SMITH"},{"data":"Doom and Gloom","floor":8,"key":"SMITH"},{"data":"Self Repair","floor":10,"key":"SMITH"},{"data":"Buffer","floor":15,"key":"SMITH"},{"floor":27,"key":"REST"},{"data":"Capacitor","floor":30,"key":"SMITH"},{"data":"Doom and Gloom","floor":32,"key":"SMITH"},{"floor":41,"key":"REST"},{"floor":47,"key":"RECALL"},{"data":"Seek","floor":49,"key":"SMITH"},{"floor":53,"key":"REST"}],"neow_cost":"NONE","seed_source_timestamp":81902584168935,"circlet_count":0,"master_deck":["AscendersBane","Strike_B","Strike_B","Strike_B","Strike_B","Defend_B","Defend_B","Defend_B","Defend_B","Zap","Dualcast","Gash","Doom and Gloom+1","Leap+1","Self Repair+1","Glacier","Buffer+1","Doom and Gloom","Seek+1","Capacitor+1","Doom and Gloom+1","Skim","Ball Lightning","Hologram","Necronomicurse","BootSequence","Electrodynamics","Finesse","Dark Shackles","Apotheosis","Undo","Coolheaded+1","Doom and Gloom","Defragment","Undo","Coolheaded","Hologram","Stack+1","Glacier","Turbo","Redo"],"relics":["Cracked Core","WarpedTongs","Pen Nib","MawBank","Juzu Bracelet","Sozu","Red Mask","PreservedInsect","Vajra","Medical Kit","Bottled Tornado","Necronomicon","Oddly Smooth Stone","Shuriken","DataDisk","Inserter","Centennial Puzzle","Pocketwatch","Happy Flower","Orichalcum","Blue Candle"],"potions_floor_usage":[2,7,12,40,56],"damage_taken":[{"damage":1,"enemies":"Cultist","floor":1,"turns":3},{"damage":0,"enemies":"Small Slimes","floor":2,"turns":1},{"damage":7,"enemies":"2 Louse","floor":3,"turns":2},{"damage":13,"enemies":"3 Sentries","floor":7,"turns":7},{"damage":8,"enemies":"Blue Slaver","floor":11,"turns":4},{"damage":11,"enemies":"Gremlin Nob","floor":12,"turns":3},{"damage":1,"enemies":"Red Slaver","floor":13,"turns":4},{"damage":13,"enemies":"Large Slime","floor":14,"turns":6},{"damage":0,"enemies":"Slime Boss","floor":16,"turns":8},{"damage":14,"enemies":"Shell Parasite","floor":18,"turns":6},{"damage":0,"enemies":"Spheric Guardian","floor":19,"turns":4},{"damage":50,"enemies":"Masked Bandits","floor":20,"turns":4},{"damage":11,"enemies":"Slavers","floor":23,"turns":4},{"damage":0,"enemies":"Gremlin Leader","floor":25,"turns":3},{"damage":3,"enemies":"Book of Stabbing","floor":29,"turns":4},{"damage":0,"enemies":"Shelled Parasite and Fungi","floor":31,"turns":3},{"damage":0,"enemies":"Automaton","floor":33,"turns":8},{"damage":0,"enemies":"Orb Walker","floor":35,"turns":3},{"damage":0,"enemies":"3 Shapes","floor":38,"turns":2},{"damage":0,"enemies":"Transient","floor":39,"turns":6},{"damage":52,"enemies":"Reptomancer","floor":40,"turns":5},{"damage":16,"enemies":"Giant Head","floor":44,"turns":6},{"damage":14,"enemies":"3 Darklings","floor":45,"turns":4},{"damage":0,"enemies":"Jaw Worm Horde","floor":46,"turns":4},{"damage":1,"enemies":"Reptomancer","floor":48,"turns":4},{"damage":23,"enemies":"Donu and Deca","floor":50,"turns":14},{"damage":0,"enemies":"Time Eater","floor":51,"turns":24},{"damage":33,"enemies":"Shield and Spear","floor":55,"turns":9},{"damage":70,"enemies":"The Heart","floor":56,"turns":5}],"seed_played":"-7956506829107280694","potions_obtained":[{"floor":0,"key":"Fire Potion"},{"floor":0,"key":"Explosive Potion"},{"floor":3,"key":"Swift Potion"},{"floor":11,"key":"Swift Potion"},{"floor":13,"key":"PowerPotion"}],"is_trial":false,"path_per_floor":["M","M","M","?","$","R","E","R","T","R","M","E","M","M","R","B",null,"M","M","?","?","$","E","?","E","T","R","?","E","R","M","R","B",null,"M","?","?","M","M","E","R","$","T","E","M","M","R","E","R","B","B",null,"R","$","E","B"],"character_chosen":"DEFECT","items_purchased":["Leap","PreservedInsect","Vajra","Ball Lightning","Hologram","Medical Kit","Pocketwatch","Defragment","Undo","Glacier","Turbo"],"campfire_rested":3,"item_purchase_floors":[5,22,22,22,22,22,42,42,42,54,54],"current_hp_per_floor":[63,63,56,56,56,56,43,43,43,43,45,44,53,50,50,60,68,64,71,31,31,31,30,9,19,19,40,40,47,47,57,57,67,70,71,61,61,71,71,19,40,40,40,34,30,40,40,49,49,36,46,65,71,71,48,0],"gold":90,"neow_bonus":"THREE_SMALL_POTIONS","is_prod":false,"is_daily":false,"chose_seed":false,"campfire_upgraded":7,"win_rate":0,"timestamp":1556046351,"path_taken":["M","?","M","?","?","R","E","R","T","R","M","E","M","M","R","BOSS","M","M","?","?","$","E","?","E","T","R","?","E","R","M","R","BOSS","M","?","?","M","M","E","R","$","T","E","M","M","R","E","R","BOSS","BOSS","R","$","E","BOSS"],"build_version":"2019-04-21","purchased_purges":2,"victory":false,"max_hp_per_floor":[71,71,71,71,71,71,71,71,71,71,71,71,71,71,71,71,71,71,71,71,71,71,71,71,71,71,71,71,71,71,71,71,71,71,71,71,71,71,71,71,71,71,71,71,71,71,71,71,71,71,71,71,71,71,71,71],"card_choices":[{"not_picked":["Steam Power","Tempest"],"picked":"Gash","floor":1},{"not_picked":["Turbo","Ball Lightning"],"picked":"Doom and Gloom","floor":2},{"not_picked":["Rebound","Reprogram","Tempest"],"picked":"SKIP","floor":3},{"not_picked":["Conserve Battery","Turbo"],"picked":"Self Repair","floor":7},{"not_picked":["Force Field","Beam Cell","Streamline"],"picked":"SKIP","floor":11},{"not_picked":["Conserve Battery","Stack"],"picked":"Glacier","floor":12},{"not_picked":["Barrage","Conserve Battery"],"picked":"Buffer","floor":13},{"not_picked":["Hello World","Streamline"],"picked":"Doom and Gloom","floor":14},{"not_picked":["Core Surge","Buffer"],"picked":"Seek","floor":16},{"not_picked":["Redo","Turbo"],"picked":"Capacitor","floor":18},{"not_picked":["Recycle","Streamline"],"picked":"Doom and Gloom","floor":19},{"not_picked":["Steam","Go for the Eyes"],"picked":"Skim","floor":20},{"not_picked":["Force Field","Redo","All For One"],"picked":"SKIP","floor":23},{"not_picked":["Reboot","Go for the Eyes","Scrape"],"picked":"SKIP","floor":25},{"not_picked":["Recycle","Skim","Sweeping Beam"],"picked":"SKIP","floor":29},{"not_picked":["Chaos","Stack+1"],"picked":"BootSequence","floor":31},{"not_picked":["Reboot","Amplify"],"picked":"Electrodynamics","floor":33},{"not_picked":["Hello World","Go for the Eyes","Auto Shields"],"picked":"SKIP","floor":35},{"not_picked":["Blind","Deep Breath"],"picked":"Finesse","floor":36},{"not_picked":["Sadistic Nature","Panache"],"picked":"Dark Shackles","floor":36},{"not_picked":["Violence","Jack Of All Trades"],"picked":"Apotheosis","floor":36},{"not_picked":["Ball Lightning","Compile Driver"],"picked":"Undo","floor":38},{"not_picked":["White Noise+1","Beam Cell"],"picked":"Coolheaded+1","floor":39},{"not_picked":["Force Field","Gash"],"picked":"Doom and Gloom","floor":40},{"not_picked":["Cold Snap","Gash"],"picked":"Coolheaded","floor":44},{"not_picked":["Stack","Capacitor"],"picked":"Hologram","floor":45},{"not_picked":["Multi-Cast","Sweeping Beam","Compile Driver+1"],"picked":"SKIP","floor":46},{"not_picked":["Go for the Eyes","Gash"],"picked":"Stack+1","floor":48},{"not_picked":["Leap","Scrape+1"],"picked":"Redo","floor":55}],"player_experience":5782262,"relics_obtained":[{"floor":7,"key":"Pen Nib"},{"floor":9,"key":"MawBank"},{"floor":12,"key":"Juzu Bracelet"},{"floor":20,"key":"Red Mask"},{"floor":23,"key":"Bottled Tornado"},{"floor":24,"key":"Necronomicon"},{"floor":25,"key":"Oddly Smooth Stone"},{"floor":26,"key":"Shuriken"},{"floor":29,"key":"DataDisk"},{"floor":40,"key":"Centennial Puzzle"},{"floor":44,"key":"Happy Flower"},{"floor":48,"key":"Orichalcum"},{"floor":55,"key":"Blue Candle"}],"event_choices":[{"damage_healed":0,"gold_gain":0,"player_choice":"Rummage","damage_taken":0,"relics_obtained":["WarpedTongs"],"max_hp_gain":0,"max_hp_loss":0,"event_name":"Accursed Blacksmith","floor":4,"gold_loss":0,"cards_obtained":["Pain"]},{"damage_healed":0,"gold_gain":0,"player_choice":"Fought Bandits","damage_taken":0,"max_hp_gain":0,"max_hp_loss":0,"event_name":"Masked Bandits","floor":20,"gold_loss":0},{"damage_healed":0,"gold_gain":275,"player_choice":"Desecrate","damage_taken":0,"max_hp_gain":0,"max_hp_loss":0,"event_name":"Golden Shrine","floor":21,"gold_loss":0,"cards_obtained":["Regret"]},{"damage_healed":0,"gold_gain":0,"player_choice":"Obtained Book","damage_taken":21,"max_hp_gain":0,"max_hp_loss":0,"event_name":"Cursed Tome","floor":24,"gold_loss":0},{"damage_healed":0,"gold_gain":0,"player_choice":"Ignored","damage_taken":0,"max_hp_gain":0,"max_hp_loss":0,"event_name":"The Mausoleum","floor":28,"gold_loss":0},{"damage_healed":0,"gold_gain":0,"player_choice":"Memory 3","damage_taken":10,"max_hp_gain":0,"max_hp_loss":0,"event_name":"SensoryStone","floor":36,"gold_loss":0},{"damage_healed":0,"gold_gain":222,"player_choice":"Wore Mask","damage_taken":0,"max_hp_gain":0,"max_hp_loss":0,"event_name":"Tomb of Lord Red Mask","floor":37,"gold_loss":0}],"is_beta":true,"boss_relics":[{"not_picked":["White Beast Statue","Pandora\u0027s Box"],"picked":"Sozu"},{"not_picked":["FrozenCore","Lizard Tail"],"picked":"Inserter"}],"items_purged_floors":[5,22],"is_endless":false,"potions_floor_spawned":[3,11,13,14,16,20,25,29,33,39,40,55],"killed_by":"The Heart","ascension_level":20}