{"gold_per_floor":[119,119,194,194,212,244,244,244,270,270,299,299,324,334,334,413,413,425,425,425,148,248,282,282,299,376,393,420,438,468,481,481,552,552,566,583,583,683,698,698,728,728,728,238,273,273,303,323,323,323,323,323,323,23,58,58],"floor_reached":57,"playtime":4198,"items_purged":["Shame","Bite","Bite"],"score":3153,"play_id":"20cca29b-55f1-46b5-b2fb-587e3ce6c6da","local_time":"20190430192559","is_ascension_mode":true,"campfire_choices":[{"data":"Bash","floor":7,"key":"SMITH"},{"data":"Hemokinesis","floor":10,"key":"SMITH"},{"floor":12,"key":"REST"},{"data":"Anger","floor":15,"key":"SMITH"},{"data":"Immolate","floor":24,"key":"SMITH"},{"data":"Armaments","floor":32,"key":"SMITH"},{"data":"Demon Form","floor":40,"key":"SMITH"},{"data":"True Grit","floor":46,"key":"SMITH"},{"floor":49,"key":"RECALL"},{"data":"Shrug It Off","floor":53,"key":"SMITH"}],"neow_cost":"NONE","seed_source_timestamp":32215815431623,"circlet_count":0,"master_deck":["AscendersBane","Defend_R","Defend_R","Defend_R+1","Defend_R+1","Bash+1","Armaments+1","Hemokinesis+1","Spot Weakness","Anger+1","Immolate+1","Bite","Bite","Bite","Shrug It Off+1","Shockwave+1","Battle Trance","Battle Trance","Demon Form+1","PanicButton","Blind","True Grit+1","Seeing Red","Body Slam","Body Slam","Impervious+1","Sword Boomerang+1","Shrug It Off+1","Warcry+1"],"relics":["Burning Blood","NeowsBlessing","Art of War","Smiling Mask","Singing Bowl","Darkstone Periapt","Black Star","PreservedInsect","Bag of Preparation","Incense Burner","Paper Frog","Boot","Gremlin Horn","Ornamental Fan","Thread and Needle","Ancient Tea Set","Matryoshka","Runic Pyramid","Champion Belt","Ice Cream","Unceasing Top","Vajra","Lantern","Anchor","Toxic Egg 2","Kunai","Molten Egg 2","Mercury Hourglass","Dodecahedron","Strawberry"],"potions_floor_usage":[11,18,22,28,33,33,56,56],"damage_taken":[{"damage":0,"enemies":"Small Slimes","floor":1,"turns":1},{"damage":0,"enemies":"Jaw Worm","floor":5,"turns":1},{"damage":0,"enemies":"Lagavulin","floor":6,"turns":1},{"damage":28,"enemies":"Gremlin Nob","floor":11,"turns":4},{"damage":13,"enemies":"Lagavulin","floor":13,"turns":7},{"damage":0,"enemies":"2 Louse","floor":14,"turns":3},{"damage":42,"enemies":"Slime Boss","floor":16,"turns":11},{"damage":24,"enemies":"Shell Parasite","floor":18,"turns":4},{"damage":16,"enemies":"Colosseum Slavers","floor":22,"turns":8},{"damage":17,"enemies":"Colosseum Nobs","floor":22,"turns":3},{"damage":39,"enemies":"Book of Stabbing","floor":23,"turns":4},{"damage":10,"enemies":"Spheric Guardian","floor":25,"turns":5},{"damage":12,"enemies":"Snake Plant","floor":27,"turns":6},{"damage":21,"enemies":"Slavers","floor":28,"turns":4},{"damage":2,"enemies":"3 Cultists","floor":29,"turns":4},{"damage":13,"enemies":"Book of Stabbing","floor":30,"turns":3},{"damage":7,"enemies":"Centurion and Healer","floor":31,"turns":8},{"damage":68,"enemies":"Champ","floor":33,"turns":13},{"damage":2,"enemies":"3 Shapes","floor":35,"turns":5},{"damage":9,"enemies":"3 Darklings","floor":36,"turns":4},{"damage":2,"enemies":"Mind Bloom Boss Battle","floor":38,"turns":8},{"damage":4,"enemies":"Maw","floor":39,"turns":7},{"damage":6,"enemies":"Giant Head","floor":41,"turns":6},{"damage":1,"enemies":"Nemesis","floor":45,"turns":3},{"damage":0,"enemies":"Reptomancer","floor":47,"turns":2},{"damage":0,"enemies":"Transient","floor":48,"turns":6},{"damage":0,"enemies":"Awakened One","floor":50,"turns":11},{"damage":12,"enemies":"Donu and Deca","floor":51,"turns":13},{"damage":0,"enemies":"Shield and Spear","floor":55,"turns":6},{"damage":37,"enemies":"The Heart","floor":56,"turns":8}],"seed_played":"7837622233404427870","potions_obtained":[{"floor":5,"key":"Poison Potion"},{"floor":6,"key":"Explosive Potion"},{"floor":18,"key":"BloodPotion"},{"floor":27,"key":"SteroidPotion"},{"floor":30,"key":"Dexterity Potion"},{"floor":33,"key":"Swift Potion"},{"floor":35,"key":"Strength Potion"},{"floor":47,"key":"SteroidPotion"}],"is_trial":false,"path_per_floor":["M","?","?","?","M","E","R","?","T","R","E","R","E","M","R","B",null,"M","?","?","$","?","E","R","M","T","M","E","M","E","M","R","B",null,"M","M","?","?","M","R","E","?","T","$","E","R","E","M","R","B","B",null,"R","$","E","B",null],"character_chosen":"IRONCLAD","items_purchased":["Bag of Preparation","Fire Potion","Seeing Red","Lantern","Anchor","Body Slam","SpeedPotion","Ancient Potion","Shrug It Off+1","Warcry+1"],"campfire_rested":1,"item_purchase_floors":[21,21,44,44,44,44,54,54,54,54],"current_hp_per_floor":[74,51,40,33,39,45,45,50,50,50,30,54,47,53,53,17,66,48,48,54,54,62,36,36,45,45,56,56,67,64,71,71,41,64,73,74,66,77,79,79,81,81,81,81,81,81,81,81,81,81,81,81,81,81,90,68],"gold":58,"neow_bonus":"THREE_ENEMY_KILL","is_prod":false,"is_daily":false,"chose_seed":false,"campfire_upgraded":8,"win_rate":0,"timestamp":1556677559,"path_taken":["M","?","?","?","M","E","R","?","T","R","E","R","E","?","R","BOSS","M","?","?","$","?","E","R","M","T","M","E","M","E","M","R","BOSS","M","M","?","?","M","R","E","?","T","?","E","R","E","M","R","BOSS","BOSS","R","$","E","BOSS"],"build_version":"2019-04-23","purchased_purges":3,"victory":true,"max_hp_per_floor":[75,75,75,75,75,75,75,80,80,80,82,82,82,82,82,82,82,82,57,63,63,63,65,65,65,65,65,67,67,69,71,71,71,71,73,75,77,77,79,79,81,81,81,81,81,81,81,81,81,81,81,81,81,81,90,90],"card_choices":[{"not_picked":["Clash","Sentinel"],"picked":"Armaments","floor":1},{"not_picked":["Sword Boomerang","Wild Strike"],"picked":"Hemokinesis","floor":5},{"not_picked":["Headbutt","Heavy Blade","Havoc"],"picked":"SKIP","floor":6},{"not_picked":["Dual Wield","Perfected Strike","Second Wind"],"picked":"Singing Bowl","floor":11},{"not_picked":["Entrench","Twin Strike"],"picked":"Spot Weakness","floor":13},{"not_picked":["Ghostly Armor","Bloodletting"],"picked":"Anger","floor":14},{"not_picked":["Demon Form","Brutality"],"picked":"Immolate","floor":16},{"not_picked":["Cleave","Heavy Blade+1"],"picked":"Metallicize","floor":18},{"not_picked":["Perfected Strike+1","Spot Weakness"],"picked":"Shrug It Off","floor":22},{"not_picked":["Headbutt","Flame Barrier","Pummel"],"picked":"Singing Bowl","floor":23},{"not_picked":["Twin Strike+1","Iron Wave+1"],"picked":"Shockwave+1","floor":25},{"not_picked":["Reckless Charge","Corruption"],"picked":"Battle Trance","floor":27},{"not_picked":["Hemokinesis+1","Flex","Havoc"],"picked":"Singing Bowl","floor":28},{"not_picked":["Berserk","Clothesline"],"picked":"Battle Trance","floor":29},{"not_picked":["Heavy Blade+1","Thunderclap","Sever Soul+1"],"picked":"Singing Bowl","floor":30},{"not_picked":["Whirlwind","Metallicize","Wild Strike"],"picked":"Singing Bowl","floor":31},{"not_picked":["Feed","Fiend Fire"],"picked":"Demon Form","floor":33},{"not_picked":["Twin Strike","Iron Wave+1","Wild Strike"],"picked":"Singing Bowl","floor":35},{"not_picked":["Body Slam","Twin Strike","Shrug It Off"],"picked":"Singing Bowl","floor":36},{"not_picked":["Secret Technique","Forethought"],"picked":"PanicButton","floor":37},{"not_picked":["Violence","Mind Blast","Enlightenment"],"picked":"Singing Bowl","floor":37},{"not_picked":["Swift Strike","Trip"],"picked":"Blind","floor":37},{"not_picked":["Body Slam","Headbutt"],"picked":"True Grit","floor":38},{"not_picked":["Wild Strike","Cleave","Hemokinesis+1"],"picked":"Singing Bowl","floor":39},{"not_picked":["Flex","Twin Strike","Headbutt+1"],"picked":"Singing Bowl","floor":41},{"not_picked":["Clash","Searing Blow+1"],"picked":"Body Slam","floor":45},{"not_picked":["Sword Boomerang","True Grit+1"],"picked":"Impervious+1","floor":47},{"not_picked":["Clash+1","Power Through+1"],"picked":"Sword Boomerang+1","floor":48},{"not_picked":["Clash+1","Immolate+1","Body Slam+1"],"picked":"Singing Bowl","floor":55}],"player_experience":5999681,"relics_obtained":[{"floor":6,"key":"Art of War"},{"floor":9,"key":"Smiling Mask"},{"floor":11,"key":"Singing Bowl"},{"floor":13,"key":"Darkstone Periapt"},{"floor":22,"key":"Incense Burner"},{"floor":22,"key":"Paper Frog"},{"floor":23,"key":"Boot"},{"floor":26,"key":"Gremlin Horn"},{"floor":28,"key":"Ornamental Fan"},{"floor":28,"key":"Thread and Needle"},{"floor":30,"key":"Ancient Tea Set"},{"floor":30,"key":"Matryoshka"},{"floor":38,"key":"Champion Belt"},{"floor":41,"key":"Ice Cream"},{"floor":41,"key":"Unceasing Top"},{"floor":43,"key":"Vajra"},{"floor":45,"key":"Toxic Egg 2"},{"floor":45,"key":"Kunai"},{"floor":47,"key":"Molten Egg 2"},{"floor":47,"key":"Mercury Hourglass"},{"floor":55,"key":"Dodecahedron"},{"floor":55,"key":"Strawberry"}],"event_choices":[{"damage_healed":0,"gold_gain":0,"player_choice":"Entered Light","damage_taken":23,"max_hp_gain":0,"max_hp_loss":0,"event_name":"Shining Light","floor":2,"gold_loss":0,"cards_upgraded":["Defend_R","Defend_R"]},{"damage_healed":0,"gold_gain":75,"player_choice":"Gather Gold","damage_taken":11,"max_hp_gain":0,"max_hp_loss":0,"event_name":"World of Goop","floor":3,"gold_loss":0},{"cards_removed":["Strike_R"],"damage_healed":0,"gold_gain":0,"player_choice":"Card Removal","damage_taken":7,"max_hp_gain":0,"max_hp_loss":0,"event_name":"Golden Wing","floor":4,"gold_loss":0},{"damage_healed":0,"gold_gain":0,"player_choice":"Donut","damage_taken":0,"max_hp_gain":5,"max_hp_loss":0,"event_name":"Big Fish","floor":8,"gold_loss":0},{"damage_healed":0,"gold_gain":0,"player_choice":"Became a vampire","damage_taken":0,"max_hp_gain":0,"max_hp_loss":25,"event_name":"Vampires","floor":19,"gold_loss":0,"cards_obtained":["Bite","Bite","Bite","Bite","Bite"]},{"damage_healed":0,"gold_gain":0,"player_choice":"Stole Relic","damage_taken":0,"relics_obtained":["PreservedInsect"],"max_hp_gain":0,"max_hp_loss":0,"event_name":"Addict","floor":20,"gold_loss":0,"cards_obtained":["Shame"]},{"damage_healed":0,"gold_gain":0,"player_choice":"Fight","damage_taken":0,"max_hp_gain":0,"max_hp_loss":0,"event_name":"Colosseum","floor":22,"gold_loss":0},{"damage_healed":0,"gold_gain":0,"player_choice":"Fought Nobs","damage_taken":0,"max_hp_gain":0,"max_hp_loss":0,"event_name":"Colosseum","floor":22,"gold_loss":0},{"damage_healed":0,"gold_gain":0,"player_choice":"Memory 3","damage_taken":10,"max_hp_gain":0,"max_hp_loss":0,"event_name":"SensoryStone","floor":37,"gold_loss":0},{"damage_healed":0,"gold_gain":0,"player_choice":"Fight","damage_taken":0,"max_hp_gain":0,"max_hp_loss":0,"event_name":"MindBloom","floor":38,"gold_loss":0},{"cards_removed":["Metallicize"],"damage_healed":0,"gold_gain":0,"player_choice":"Removed Power","damage_taken":0,"max_hp_gain":0,"max_hp_loss":0,"event_name":"Falling","floor":42,"gold_loss":0}],"is_beta":true,"boss_relics":[{"not_picked":["Tiny House","Eternal Feather"],"picked":"Black Star"},{"not_picked":["Orrery","Runic Cube"],"picked":"Runic Pyramid"}],"items_purged_floors":[21,44,54],"is_endless":false,"potions_floor_spawned":[5,6,18,27,30,31,33,35,38,47],"ascension_level":20}