{"gold_per_floor":[117,117,134,134,134,134,167,167,190,226,97,97,118,159,159,249,249,273,173,173,188,138,179,203,234,314,314,337,337,357,8,8,102,102,127,77,96,115,8,52,52,86,86,111,154,177,210,210,210,210,210,210,210,71,102,102],"floor_reached":57,"playtime":4362,"items_purged":["Strike_R","Strike_R","Parasite","Parasite","Bludgeon","Cleave+1"],"score":3051,"play_id":"956ab2b2-f394-481c-abdd-83279930a93f","local_time":"20190426153519","is_ascension_mode":true,"campfire_choices":[{"data":"Clothesline","floor":6,"key":"SMITH"},{"data":"Cleave","floor":8,"key":"SMITH"},{"data":"Twin Strike","floor":12,"key":"SMITH"},{"data":"Cleave","floor":15,"key":"SMITH"},{"data":"True Grit","floor":27,"key":"SMITH"},{"floor":32,"key":"REST"},{"data":"Feel No Pain","floor":41,"key":"SMITH"},{"floor":49,"key":"RECALL"},{"data":"Feel No Pain","floor":53,"key":"SMITH"}],"neow_cost":"PERCENT_DAMAGE","seed_source_timestamp":354180471697960,"circlet_count":0,"master_deck":["AscendersBane","Bash+1","Clothesline+1","True Grit+1","Twin Strike+1","Cleave+1","Offering","Shrug It Off","Shockwave","Dropkick+1","Feel No Pain+1","Corruption","Shockwave","Flame Barrier","Offering","Infernal Blade","Barricade","Reaper","Wild Strike","Rage","Brutality","Shrug It Off","Anger+1","Feel No Pain+1","Feed","Inflame","Body Slam"],"relics":["Burning Blood","Meat on the Bone","Golden Idol","Unceasing Top","Orichalcum","Regal Pillow","Bronze Scales","Cursed Key","Ornamental Fan","Smiling Mask","Mummified Hand","Paper Frog","Medical Kit","Pandora\u0027s Box","Ancient Tea Set","Ice Cream","Gambling Chip","Bird Faced Urn","Spirit Poop","Red Skull"],"potions_floor_usage":[7,16,25,56,56,56,56],"damage_taken":[{"damage":13,"enemies":"2 Louse","floor":1,"turns":4},{"damage":4,"enemies":"Small Slimes","floor":3,"turns":3},{"damage":24,"enemies":"Gremlin Nob","floor":7,"turns":4},{"damage":24,"enemies":"3 Sentries","floor":10,"turns":8},{"damage":11,"enemies":"Cultist","floor":13,"turns":5},{"damage":22,"enemies":"Lagavulin","floor":14,"turns":5},{"damage":6,"enemies":"Slime Boss","floor":16,"turns":7},{"damage":1,"enemies":"3 Byrds","floor":18,"turns":3},{"damage":15,"enemies":"Shell Parasite","floor":21,"turns":3},{"damage":32,"enemies":"Slavers","floor":23,"turns":6},{"damage":19,"enemies":"Snecko","floor":24,"turns":6},{"damage":25,"enemies":"Gremlin Leader","floor":25,"turns":5},{"damage":21,"enemies":"3 Cultists","floor":28,"turns":4},{"damage":26,"enemies":"Cultist and Chosen","floor":30,"turns":6},{"damage":51,"enemies":"Automaton","floor":33,"turns":9},{"damage":6,"enemies":"Orb Walker","floor":35,"turns":1},{"damage":13,"enemies":"3 Shapes","floor":37,"turns":2},{"damage":12,"enemies":"Spire Growth","floor":38,"turns":3},{"damage":19,"enemies":"Nemesis","floor":40,"turns":9},{"damage":20,"enemies":"Reptomancer","floor":42,"turns":4},{"damage":11,"enemies":"Transient","floor":44,"turns":6},{"damage":16,"enemies":"Giant Head","floor":45,"turns":6},{"damage":14,"enemies":"Jaw Worm Horde","floor":46,"turns":3},{"damage":15,"enemies":"Reptomancer","floor":47,"turns":6},{"damage":33,"enemies":"Awakened One","floor":50,"turns":7},{"damage":16,"enemies":"Donu and Deca","floor":51,"turns":5},{"damage":16,"enemies":"Shield and Spear","floor":55,"turns":5},{"damage":67,"enemies":"The Heart","floor":56,"turns":9}],"seed_played":"-5797172476583658534","potions_obtained":[{"floor":1,"key":"GamblersBrew"},{"floor":3,"key":"SpeedPotion"},{"floor":23,"key":"FearPotion"},{"floor":24,"key":"Dexterity Potion"},{"floor":37,"key":"EntropicBrew"},{"floor":40,"key":"Fire Potion"}],"is_trial":false,"path_per_floor":["M","?","M","?","?","R","E","R","T","E","$","R","M","E","R","B",null,"M","$","?","M","?","E","M","E","T","R","M","T","M","$","R","B",null,"M","$","M","M","$","E","R","E","T","M","E","M","E","?","R","B","B",null,"R","$","E","B",null],"character_chosen":"IRONCLAD","items_purchased":["SteroidPotion","Medical Kit","Flame Barrier","Shrug It Off","Inflame"],"campfire_rested":1,"item_purchase_floors":[11,31,31,39,54],"current_hp_per_floor":[57,46,60,60,60,60,54,54,54,48,48,48,55,51,51,51,74,79,79,79,70,70,56,55,48,48,48,45,45,37,37,75,42,69,69,69,62,63,63,57,57,64,64,66,65,69,75,75,75,71,74,82,82,82,84,58],"gold":102,"neow_bonus":"TWENTY_PERCENT_HP_BONUS","is_prod":false,"is_daily":false,"chose_seed":false,"campfire_upgraded":7,"win_rate":0,"timestamp":1556318119,"path_taken":["M","?","M","?","?","R","E","R","T","E","$","R","M","E","R","BOSS","M","$","?","M","?","E","?","E","T","R","M","?","M","?","R","BOSS","M","?","M","M","$","E","R","E","T","M","E","M","E","?","R","BOSS","BOSS","R","$","E","BOSS"],"build_version":"2019-04-23","purchased_purges":6,"victory":true,"max_hp_per_floor":[89,89,89,89,81,81,81,81,81,81,81,81,81,81,81,81,81,81,81,81,81,81,81,81,81,81,81,81,81,81,78,78,78,78,78,75,75,75,75,75,75,75,75,75,75,75,78,78,78,81,84,84,84,84,84,84],"card_choices":[{"not_picked":["Warcry","Second Wind"],"picked":"Clothesline","floor":1},{"not_picked":["Cleave","Dual Wield"],"picked":"True Grit","floor":3},{"not_picked":["Perfected Strike","Warcry"],"picked":"Cleave","floor":7},{"not_picked":["Flex","Heavy Blade"],"picked":"Twin Strike","floor":10},{"not_picked":["Blood for Blood","Clothesline","Armaments"],"picked":"SKIP","floor":13},{"not_picked":["Barricade","Uppercut"],"picked":"Cleave","floor":14},{"not_picked":["Immolate","Dark Embrace"],"picked":"Offering","floor":16},{"not_picked":["Pommel Strike","Perfected Strike"],"picked":"Shrug It Off","floor":18},{"not_picked":["Infernal Blade","Rupture","Reckless Charge"],"picked":"SKIP","floor":21},{"not_picked":["Sentinel+1","Entrench","Perfected Strike"],"picked":"SKIP","floor":23},{"not_picked":["Dark Embrace","Twin Strike"],"picked":"Dropkick+1","floor":24},{"not_picked":["Headbutt","Wild Strike"],"picked":"Feel No Pain","floor":25},{"not_picked":["Armaments","Blood for Blood"],"picked":"Corruption","floor":28},{"not_picked":["Flex","Seeing Red"],"picked":"Shockwave","floor":30},{"not_picked":["Double Tap","Impervious"],"picked":"Offering","floor":33},{"not_picked":["Thunderclap","Perfected Strike+1","Pommel Strike"],"picked":"SKIP","floor":35},{"not_picked":["Thunderclap","Shockwave","Clothesline+1"],"picked":"SKIP","floor":37},{"not_picked":["Intimidate+1","Evolve","Perfected Strike"],"picked":"SKIP","floor":38},{"not_picked":["Searing Blow","Hemokinesis","Pummel"],"picked":"SKIP","floor":40},{"not_picked":["Feed","Havoc"],"picked":"Anger+1","floor":42},{"not_picked":["Twin Strike+1","Iron Wave","Cleave+1"],"picked":"SKIP","floor":44},{"not_picked":["Seeing Red","Twin Strike"],"picked":"Feel No Pain","floor":45},{"not_picked":["Iron Wave","Thunderclap"],"picked":"Feed","floor":46},{"not_picked":["Clash","Pommel Strike","Flex"],"picked":"SKIP","floor":47},{"not_picked":["Pommel Strike","Brutality"],"picked":"Body Slam","floor":55}],"player_experience":5880093,"relics_obtained":[{"floor":7,"key":"Unceasing Top"},{"floor":9,"key":"Orichalcum"},{"floor":10,"key":"Regal Pillow"},{"floor":14,"key":"Bronze Scales"},{"floor":23,"key":"Ornamental Fan"},{"floor":25,"key":"Smiling Mask"},{"floor":26,"key":"Mummified Hand"},{"floor":29,"key":"Paper Frog"},{"floor":40,"key":"Ancient Tea Set"},{"floor":42,"key":"Ice Cream"},{"floor":45,"key":"Gambling Chip"},{"floor":47,"key":"Bird Faced Urn"},{"floor":55,"key":"Red Skull"}],"event_choices":[{"damage_healed":0,"gold_gain":0,"player_choice":"Success","damage_taken":11,"relics_obtained":["Meat on the Bone"],"max_hp_gain":0,"max_hp_loss":0,"event_name":"Scrap Ooze","floor":2,"gold_loss":0},{"damage_healed":0,"gold_gain":0,"player_choice":"Grow","damage_taken":0,"max_hp_gain":0,"max_hp_loss":0,"event_name":"Living Wall","floor":4,"gold_loss":0,"cards_upgraded":["Bash"]},{"damage_healed":0,"gold_gain":0,"player_choice":"Lose Max HP","damage_taken":0,"relics_obtained":["Golden Idol"],"max_hp_gain":0,"max_hp_loss":8,"event_name":"Golden Idol","floor":5,"gold_loss":0},{"damage_healed":0,"gold_gain":0,"player_choice":"Read","damage_taken":0,"max_hp_gain":0,"max_hp_loss":0,"event_name":"The Library","floor":20,"gold_loss":0,"cards_obtained":["Shockwave"]},{"damage_healed":0,"gold_gain":0,"player_choice":"Bet on Owner","damage_taken":0,"max_hp_gain":0,"max_hp_loss":0,"event_name":"The Joust","floor":22,"gold_loss":50},{"cards_removed":["Doubt"],"damage_healed":0,"gold_gain":0,"player_choice":"Offered Curse","damage_taken":0,"relics_obtained":["Spirit Poop"],"max_hp_gain":0,"max_hp_loss":0,"event_name":"Bonfire Elementals","floor":48,"gold_loss":0}],"is_beta":true,"boss_relics":[{"not_picked":["Orrery","Busted Crown"],"picked":"Cursed Key"},{"not_picked":["Sozu","Black Star"],"picked":"Pandora\u0027s Box"}],"items_purged_floors":[11,19,31,36,39,54],"is_endless":false,"potions_floor_spawned":[1,3,23,24,37,38,40,45,46],"ascension_level":20}