{"gold_per_floor":[111,111,123,398,418,418,443,454,454,464,464,27,55,55,55,131,131,149,159,109,109],"floor_reached":21,"playtime":1344,"items_purged":["Regret"],"score":378,"play_id":"bdb50270-8b97-475d-956e-457302066208","local_time":"20190426135430","is_ascension_mode":true,"campfire_choices":[{"data":"A Thousand Cuts","floor":6,"key":"SMITH"},{"floor":11,"key":"REST"},{"floor":15,"key":"REST"}],"neow_cost":"NONE","seed_source_timestamp":351169117436010,"circlet_count":0,"master_deck":["AscendersBane","Defend_G","Defend_G","Defend_G","Defend_G","Defend_G","Strike_G","Strike_G","Strike_G","Strike_G","Strike_G","Survivor","Neutralize+1","A Thousand Cuts+1","Bouncing Flask","Deflect","Cloak And Dagger","PiercingWail","Dash","Caltrops","Adrenaline"],"relics":["Ring of the Snake","Dream Catcher","Tingsha","The Courier","Snake Skull","ClockworkSouvenir","Regal Pillow","Sozu"],"potions_floor_usage":[1,7,7,13,21],"damage_taken":[{"damage":11,"enemies":"Jaw Worm","floor":1,"turns":7},{"damage":2,"enemies":"Cultist","floor":3,"turns":5},{"damage":2,"enemies":"Small Slimes","floor":5,"turns":5},{"damage":19,"enemies":"Lagavulin","floor":7,"turns":6},{"damage":16,"enemies":"Gremlin Gang","floor":8,"turns":4},{"damage":22,"enemies":"Exordium Thugs","floor":10,"turns":5},{"damage":16,"enemies":"Gremlin Nob","floor":13,"turns":4},{"damage":30,"enemies":"The Guardian","floor":16,"turns":11},{"damage":24,"enemies":"Chosen","floor":18,"turns":5},{"damage":5,"enemies":"Shell Parasite","floor":19,"turns":5},{"damage":32,"enemies":"3 Cultists","floor":21,"turns":5}],"seed_played":"3895081609714278427","potions_obtained":[{"floor":0,"key":"AttackPotion"},{"floor":0,"key":"Poison Potion"},{"floor":0,"key":"Regen Potion"},{"floor":5,"key":"EssenceOfSteel"},{"floor":7,"key":"GhostInAJar"},{"floor":10,"key":"PowerPotion"}],"is_trial":false,"path_per_floor":["M","?","M","?","M","R","E","M","T","M","R","$","E","?","R","B",null,"M","M","?","M"],"character_chosen":"THE_SILENT","items_purchased":["Snake Skull","ClockworkSouvenir","Dash"],"campfire_rested":2,"item_purchase_floors":[12,12,12],"current_hp_per_floor":[62,62,60,60,58,58,39,23,23,1,20,20,4,4,38,8,52,28,23,23,0],"gold":109,"neow_bonus":"THREE_SMALL_POTIONS","is_prod":false,"is_daily":false,"chose_seed":false,"campfire_upgraded":1,"win_rate":0,"timestamp":1556312070,"path_taken":["M","?","?","?","M","R","E","M","T","?","R","$","E","?","R","BOSS","M","M","?","?"],"build_version":"2019-04-23","purchased_purges":1,"victory":false,"max_hp_per_floor":[66,66,66,66,66,66,66,66,66,66,66,66,66,66,66,66,66,66,66,66,66],"card_choices":[{"not_picked":["Prepared","Accuracy"],"picked":"Dagger Spray","floor":1},{"not_picked":["PiercingWail","Quick Slash"],"picked":"A Thousand Cuts","floor":3},{"not_picked":["PiercingWail","Accuracy"],"picked":"Bouncing Flask","floor":5},{"not_picked":["Concentrate","Outmaneuver"],"picked":"Deflect","floor":7},{"not_picked":["Poisoned Stab","Acrobatics"],"picked":"Cloak And Dagger","floor":8},{"not_picked":["Setup","Eviscerate","Acrobatics"],"picked":"SKIP","floor":10},{"not_picked":["Backflip","Predator"],"picked":"PiercingWail","floor":11},{"not_picked":["Heel Hook","Grand Finale"],"picked":"Caltrops","floor":13},{"not_picked":["Malaise","Burst"],"picked":"Adrenaline","floor":16},{"not_picked":["Poisoned Stab","Predator","Underhanded Strike"],"picked":"SKIP","floor":18},{"not_picked":["Underhanded Strike","Caltrops","Distraction"],"picked":"SKIP","floor":19}],"player_experience":5877115,"relics_obtained":[{"floor":7,"key":"Tingsha"},{"floor":9,"key":"The Courier"},{"floor":13,"key":"Regal Pillow"}],"event_choices":[{"cards_removed":["Dagger Spray"],"damage_healed":0,"gold_gain":0,"player_choice":"Gave Card","damage_taken":0,"relics_obtained":["Dream Catcher"],"max_hp_gain":0,"max_hp_loss":0,"event_name":"WeMeetAgain","floor":2,"gold_loss":0},{"damage_healed":0,"gold_gain":275,"player_choice":"Desecrate","damage_taken":0,"max_hp_gain":0,"max_hp_loss":0,"event_name":"Golden Shrine","floor":4,"gold_loss":0,"cards_obtained":["Regret"]},{"damage_healed":0,"gold_gain":0,"player_choice":"Grow","damage_taken":0,"max_hp_gain":0,"max_hp_loss":0,"event_name":"Living Wall","floor":14,"gold_loss":0,"cards_upgraded":["Neutralize"]},{"damage_healed":0,"gold_gain":0,"player_choice":"Bet on Murderer","damage_taken":0,"max_hp_gain":0,"max_hp_loss":0,"event_name":"The Joust","floor":20,"gold_loss":50}],"is_beta":true,"boss_relics":[{"not_picked":["Philosopher\u0027s Stone","Ring of the Serpent"],"picked":"Sozu"}],"items_purged_floors":[12],"is_endless":false,"potions_floor_spawned":[5,7,10,18,19],"killed_by":"3 Cultists","ascension_level":20}