{"gold_per_floor":[118,118,132,182,197,197,215,215,291,322,322,7,27,60,60,136,136,156,81,81,81,94,94,120,120,120,133,166,166,195,41,41,120,120,134,134,150,150,150,178,178,192,192,210,210,222,233,258,258,258,258],"floor_reached":51,"playtime":3501,"items_purged":["Twin Strike"],"score":1521,"play_id":"85a9421c-94a8-4e35-bf0b-27ffff39a0fa","local_time":"20190501142700","is_ascension_mode":true,"campfire_choices":[{"data":"Pommel Strike","floor":6,"key":"SMITH"},{"data":"Clothesline","floor":8,"key":"SMITH"},{"data":"Juggernaut","floor":15,"key":"SMITH"},{"data":"Battle Trance","floor":23,"key":"SMITH"},{"data":"Combust","floor":25,"key":"SMITH"},{"data":"Shockwave","floor":32,"key":"SMITH"},{"data":"Demon Form","floor":45,"key":"SMITH"},{"floor":49,"key":"RECALL"}],"neow_cost":"NONE","seed_source_timestamp":101403685898100,"circlet_count":0,"master_deck":["AscendersBane","Defend_R","Defend_R","Defend_R","Defend_R","Bash+1","Armaments+1","Pommel Strike+1","Clothesline+1","Spot Weakness","Juggernaut+1","Combust+1","Battle Trance+1","Bite","Bite","Bite","Bite","Power Through+1","Evolve","Shockwave+1","Battle Trance+1","Corruption","Offering","Sentinel+1","Master of Strategy","Havoc+1","Demon Form+1","Burning Pact"],"relics":["Burning Blood","Self Forming Clay","Bronze Scales","FossilizedHelix","Bird Faced Urn","Coffee Dripper","Blood Vial","Paper Frog","StoneCalendar","Dodecahedron","Lizard Tail","The Courier","Meat on the Bone","Red Skull"],"potions_floor_usage":[10,10,18,28,33,51],"damage_taken":[{"damage":1,"enemies":"Cultist","floor":1,"turns":3},{"damage":6,"enemies":"2 Louse","floor":3,"turns":3},{"damage":10,"enemies":"Small Slimes","floor":5,"turns":4},{"damage":7,"enemies":"Exordium Thugs","floor":7,"turns":4},{"damage":3,"enemies":"Gremlin Nob","floor":10,"turns":3},{"damage":0,"enemies":"Large Slime","floor":13,"turns":3},{"damage":15,"enemies":"Lagavulin","floor":14,"turns":7},{"damage":27,"enemies":"Hexaghost","floor":16,"turns":8},{"damage":2,"enemies":"Shell Parasite","floor":18,"turns":3},{"damage":0,"enemies":"Chosen","floor":22,"turns":4},{"damage":4,"enemies":"Gremlin Leader","floor":24,"turns":6},{"damage":33,"enemies":"Snecko","floor":27,"turns":5},{"damage":21,"enemies":"Slavers","floor":28,"turns":6},{"damage":21,"enemies":"Book of Stabbing","floor":30,"turns":5},{"damage":55,"enemies":"Automaton","floor":33,"turns":9},{"damage":8,"enemies":"Orb Walker","floor":35,"turns":4},{"damage":29,"enemies":"3 Darklings","floor":37,"turns":4},{"damage":33,"enemies":"Nemesis","floor":40,"turns":11},{"damage":16,"enemies":"4 Shapes","floor":42,"turns":4},{"damage":23,"enemies":"Writhing Mass","floor":44,"turns":7},{"damage":24,"enemies":"Sphere and 2 Shapes","floor":46,"turns":5},{"damage":9,"enemies":"Maw","floor":47,"turns":6},{"damage":18,"enemies":"Giant Head","floor":48,"turns":6},{"damage":60,"enemies":"Time Eater","floor":50,"turns":8},{"damage":78,"enemies":"Awakened One","floor":51,"turns":7}],"seed_played":"3672339301473250597","potions_obtained":[{"floor":7,"key":"EntropicBrew"},{"floor":13,"key":"Weak Potion"},{"floor":16,"key":"EssenceOfSteel"},{"floor":24,"key":"AttackPotion"},{"floor":30,"key":"SteroidPotion"},{"floor":33,"key":"Block Potion"}],"is_trial":false,"path_per_floor":["M","?","M","?","M","R","M","R","T","E","?","$","M","E","R","B",null,"M","?","?","?","M","R","E","R","T","M","E","?","E","$","R","B",null,"M","T","M","?","$","E","?","M","T","M","R","M","M","E","R","B","B"],"character_chosen":"IRONCLAD","items_purchased":["FossilizedHelix","Corruption"],"campfire_rested":0,"item_purchase_floors":[12,31],"current_hp_per_floor":[73,73,73,66,62,62,61,61,61,64,75,75,75,66,66,47,68,74,74,74,52,52,52,52,52,52,29,34,34,45,45,45,21,44,52,52,42,32,32,40,40,50,50,47,47,41,52,50,50,24,0],"gold":258,"neow_bonus":"UPGRADE_CARD","is_prod":false,"is_daily":false,"chose_seed":false,"campfire_upgraded":7,"win_rate":0,"timestamp":1556746020,"path_taken":["M","?","M","?","M","R","?","R","T","E","?","$","M","E","R","BOSS","M","?","?","?","M","R","E","R","T","M","E","?","E","$","R","BOSS","M","?","M","?","$","E","?","M","T","M","R","M","M","E","R","BOSS","BOSS"],"build_version":"2019-04-23","purchased_purges":1,"victory":false,"max_hp_per_floor":[75,75,75,75,75,75,75,75,75,75,75,75,75,75,75,75,75,75,75,75,52,52,52,52,52,52,52,52,52,52,52,52,52,52,52,52,52,52,52,52,52,52,52,52,52,52,52,52,52,52,52],"card_choices":[{"not_picked":["Wild Strike","Flex"],"picked":"Armaments","floor":1},{"not_picked":["Havoc","Reckless Charge"],"picked":"Pommel Strike","floor":3},{"not_picked":["Havoc","Armaments"],"picked":"Twin Strike","floor":5},{"not_picked":["Infernal Blade","Heavy Blade"],"picked":"Clothesline","floor":7},{"not_picked":["Clash","Thunderclap"],"picked":"Spot Weakness","floor":10},{"not_picked":["Hemokinesis","Iron Wave"],"picked":"Juggernaut","floor":13},{"not_picked":["Sentinel","Uppercut","Sword Boomerang"],"picked":"SKIP","floor":14},{"not_picked":["Headbutt+1","Havoc"],"picked":"Combust","floor":18},{"not_picked":["Whirlwind","Evolve"],"picked":"Power Through+1","floor":22},{"not_picked":["Entrench","Carnage","Rampage"],"picked":"SKIP","floor":24},{"not_picked":["Clash","Whirlwind"],"picked":"Evolve","floor":27},{"not_picked":["Sword Boomerang","Ghostly Armor"],"picked":"Shockwave","floor":28},{"not_picked":["Heavy Blade+1","Flex","Headbutt"],"picked":"SKIP","floor":30},{"not_picked":["Dark Embrace","Reaper"],"picked":"Offering","floor":33},{"not_picked":["Pummel","Sword Boomerang"],"picked":"Sentinel+1","floor":35},{"not_picked":["Twin Strike","Ghostly Armor+1","Headbutt"],"picked":"SKIP","floor":37},{"not_picked":["Dark Shackles","Enlightenment"],"picked":"Master of Strategy","floor":38},{"not_picked":["Headbutt","Body Slam"],"picked":"Havoc+1","floor":40},{"not_picked":["Armaments","Warcry","Sever Soul+1"],"picked":"SKIP","floor":42},{"not_picked":["True Grit","Perfected Strike"],"picked":"Demon Form","floor":44},{"not_picked":["Armaments","Blood for Blood","Dropkick"],"picked":"SKIP","floor":46},{"not_picked":["Armaments","Blood for Blood","Dropkick"],"picked":"SKIP","floor":46},{"not_picked":["Armaments","Blood for Blood","Dropkick"],"picked":"SKIP","floor":46},{"not_picked":["Twin Strike+1","Havoc"],"picked":"Burning Pact","floor":47},{"not_picked":["Combust","Perfected Strike+1","Armaments+1"],"picked":"SKIP","floor":48}],"player_experience":6017870,"relics_obtained":[{"floor":9,"key":"Self Forming Clay"},{"floor":10,"key":"Bronze Scales"},{"floor":14,"key":"Bird Faced Urn"},{"floor":24,"key":"Blood Vial"},{"floor":26,"key":"Paper Frog"},{"floor":28,"key":"StoneCalendar"},{"floor":30,"key":"Dodecahedron"},{"floor":40,"key":"The Courier"},{"floor":43,"key":"Meat on the Bone"},{"floor":48,"key":"Red Skull"}],"event_choices":[{"damage_healed":0,"gold_gain":0,"player_choice":"Grow","damage_taken":0,"max_hp_gain":0,"max_hp_loss":0,"event_name":"Living Wall","floor":2,"gold_loss":0,"cards_upgraded":["Armaments"]},{"damage_healed":0,"gold_gain":50,"player_choice":"Touch","damage_taken":7,"max_hp_gain":0,"max_hp_loss":0,"event_name":"FaceTrader","floor":4,"gold_loss":0},{"damage_healed":11,"gold_gain":0,"player_choice":"Full Heal","damage_taken":0,"max_hp_gain":0,"max_hp_loss":0,"event_name":"Wheel of Change","floor":11,"gold_loss":0},{"cards_removed":["Strike_R"],"damage_healed":0,"gold_gain":0,"player_choice":"Gave Gold","damage_taken":0,"max_hp_gain":0,"max_hp_loss":0,"event_name":"Beggar","floor":19,"gold_loss":75},{"damage_healed":0,"gold_gain":0,"player_choice":"Read","damage_taken":0,"max_hp_gain":0,"max_hp_loss":0,"event_name":"The Library","floor":20,"gold_loss":0,"cards_obtained":["Battle Trance"]},{"damage_healed":0,"gold_gain":0,"player_choice":"Became a vampire","damage_taken":0,"max_hp_gain":0,"max_hp_loss":23,"event_name":"Vampires","floor":21,"gold_loss":0,"cards_obtained":["Bite","Bite","Bite","Bite","Bite"]},{"damage_healed":0,"gold_gain":0,"player_choice":"Copied","damage_taken":0,"max_hp_gain":0,"max_hp_loss":0,"event_name":"Duplicator","floor":29,"gold_loss":0,"cards_obtained":["Battle Trance"]},{"damage_healed":0,"gold_gain":0,"player_choice":"Memory 3","damage_taken":10,"max_hp_gain":0,"max_hp_loss":0,"event_name":"SensoryStone","floor":38,"gold_loss":0},{"cards_removed":["Bite"],"damage_healed":0,"gold_gain":0,"player_choice":"Removed Attack","damage_taken":0,"max_hp_gain":0,"max_hp_loss":0,"event_name":"Falling","floor":41,"gold_loss":0}],"is_beta":true,"boss_relics":[{"not_picked":["Eternal Feather","Black Star"],"picked":"Coffee Dripper"},{"not_picked":["White Beast Statue","Sozu"],"picked":"Lizard Tail"}],"items_purged_floors":[31],"is_endless":false,"potions_floor_spawned":[7,13,16,24,27,30,33,35,37,42,47],"killed_by":"Awakened One","ascension_level":20}