{"gold_per_floor":[114,18,18,36,36,36,68,68,95,117,147,189,221,249,261,344,356,385,397,409,471,217,242,124,124,124,150,169,182,213,229,229,305,305,319,330,330,11,65,95,112,143,193,212,212,226,246,274,274,274,274,274,274,11,37,37],"floor_reached":57,"playtime":4655,"items_purged":["Dualcast"],"score":3149,"play_id":"3bf4dda7-78b5-45d3-8925-8dbf74cba514","local_time":"20190425191837","is_ascension_mode":true,"campfire_choices":[{"data":"Ball Lightning","floor":6,"key":"SMITH"},{"data":"Fission","floor":8,"key":"SMITH"},{"data":"Electrodynamics","floor":15,"key":"SMITH"},{"data":"Defragment","floor":25,"key":"SMITH"},{"floor":32,"key":"REST"},{"floor":49,"key":"RECALL"},{"data":"Defragment","floor":53,"key":"SMITH"}],"neow_cost":"NONE","seed_source_timestamp":280879954853123,"circlet_count":0,"master_deck":["AscendersBane","Defend_B","Defend_B","Defend_B","Defend_B","Zap+1","Coolheaded","FTL","Ball Lightning+1","Fission+1","Leap","Rip and Tear+1","Electrodynamics+1","Seek","Static Discharge","Bite+1","Bite+1","Bite+1","Bite+1","Bite+1","Defragment+1","All For One+1","Recycle","Stack+1","Cold Snap+1","Hologram+1","Capacitor+1","Doom and Gloom+1","Hologram","Barrage+1","Loop","Consume+1","Genetic Algorithm+1","Force Field+1","Undo+1","Double Energy+1","Defragment+1","Echo Form","Hologram+1"],"relics":["Cracked Core","Lantern","Molten Egg 2","Strawberry","MawBank","Omamori","Black Star","Emotion Chip","Membership Card","Happy Flower","Orichalcum","Pen Nib","Mango","Bronze Scales","Cables","Letter Opener","Du-Vu Doll","Snecko Eye","Kunai","Toy Ornithopter","Dead Branch","Toxic Egg 2","StoneCalendar","Pear","Symbiotic Virus","Calipers","Pantograph","Bag of Preparation","Runic Capacitor","Blood Vial","Vajra"],"potions_floor_usage":[7,23,30,33,33,33,40,41,44,56,56],"damage_taken":[{"damage":5,"enemies":"2 Louse","floor":1,"turns":2},{"damage":2,"enemies":"Jaw Worm","floor":4,"turns":2},{"damage":12,"enemies":"3 Sentries","floor":7,"turns":7},{"damage":3,"enemies":"Small Slimes","floor":10,"turns":2},{"damage":0,"enemies":"Looter","floor":11,"turns":3},{"damage":4,"enemies":"Lagavulin","floor":12,"turns":4},{"damage":1,"enemies":"3 Louse","floor":13,"turns":2},{"damage":0,"enemies":"2 Fungi Beasts","floor":14,"turns":2},{"damage":0,"enemies":"Slime Boss","floor":16,"turns":6},{"damage":1,"enemies":"Spheric Guardian","floor":18,"turns":3},{"damage":16,"enemies":"Gremlin Leader","floor":23,"turns":5},{"damage":27,"enemies":"Book of Stabbing","floor":27,"turns":4},{"damage":16,"enemies":"2 Thieves","floor":28,"turns":2},{"damage":8,"enemies":"Centurion and Healer","floor":29,"turns":4},{"damage":23,"enemies":"Slavers","floor":30,"turns":3},{"damage":23,"enemies":"Shelled Parasite and Fungi","floor":31,"turns":3},{"damage":21,"enemies":"Collector","floor":33,"turns":5},{"damage":1,"enemies":"3 Darklings","floor":35,"turns":2},{"damage":8,"enemies":"3 Shapes","floor":36,"turns":3},{"damage":26,"enemies":"2 Orb Walkers","floor":39,"turns":3},{"damage":4,"enemies":"Nemesis","floor":40,"turns":3},{"damage":23,"enemies":"3 Darklings","floor":41,"turns":3},{"damage":0,"enemies":"Reptomancer","floor":42,"turns":5},{"damage":19,"enemies":"Spire Growth","floor":44,"turns":4},{"damage":0,"enemies":"4 Shapes","floor":46,"turns":4},{"damage":9,"enemies":"3 Darklings","floor":47,"turns":4},{"damage":0,"enemies":"Giant Head","floor":48,"turns":4},{"damage":9,"enemies":"Time Eater","floor":50,"turns":14},{"damage":23,"enemies":"Awakened One","floor":51,"turns":11},{"damage":2,"enemies":"Shield and Spear","floor":55,"turns":5},{"damage":78,"enemies":"The Heart","floor":56,"turns":8}],"seed_played":"9181920598932588434","potions_obtained":[{"floor":1,"key":"AttackPotion"},{"floor":12,"key":"SkillPotion"},{"floor":14,"key":"FocusPotion"},{"floor":27,"key":"Explosive Potion"},{"floor":30,"key":"EntropicBrew"},{"floor":36,"key":"FearPotion"},{"floor":41,"key":"Weak Potion"},{"floor":44,"key":"PowerPotion"},{"floor":46,"key":"Explosive Potion"}],"is_trial":false,"path_per_floor":["M","$","?","M","T","R","E","R","T","M","M","E","M","M","R","B",null,"M","?","T","?","$","E","$","R","T","E","M","M","E","M","R","B",null,"M","M","?","$","?","E","M","E","T","M","?","M","M","E","R","B","B",null,"R","$","E","B",null],"character_chosen":"DEFECT","items_purchased":["FTL","Block Potion","Membership Card","Defragment","Pen Nib","Kunai","Hologram","Barrage+1","Toy Ornithopter","Loop","Bag of Preparation","Runic Capacitor","GamblersBrew","Hologram+1"],"campfire_rested":1,"item_purchase_floors":[2,2,22,22,24,38,38,38,38,38,54,54,54,54],"current_hp_per_floor":[59,59,48,46,46,46,41,41,41,38,38,34,33,33,33,33,67,66,54,54,54,54,54,54,54,68,53,43,56,48,37,57,57,65,64,62,52,52,32,42,33,49,49,44,60,72,69,78,78,78,78,78,78,78,78,19],"gold":37,"neow_bonus":"UPGRADE_CARD","is_prod":false,"is_daily":false,"chose_seed":false,"campfire_upgraded":5,"win_rate":0,"timestamp":1556245117,"path_taken":["M","$","?","M","?","R","E","R","T","M","M","E","M","M","R","BOSS","M","?","?","?","$","E","$","R","T","E","M","M","E","M","R","BOSS","M","M","?","$","?","E","M","E","T","M","?","M","M","E","R","BOSS","BOSS","R","$","E","BOSS"],"build_version":"2019-04-23","purchased_purges":1,"victory":true,"max_hp_per_floor":[71,71,71,71,71,71,78,78,78,78,78,78,78,78,78,78,78,78,54,54,54,54,54,54,54,68,68,68,68,68,68,68,68,68,68,68,68,68,68,68,68,78,78,78,78,78,78,78,78,78,78,78,78,78,78,78],"card_choices":[{"not_picked":["Stack","Streamline"],"picked":"Coolheaded","floor":1},{"not_picked":["Melter","Barrage"],"picked":"Ball Lightning","floor":4},{"not_picked":["Blizzard+1","Beam Cell+1"],"picked":"Fission","floor":7},{"not_picked":["Redo","Scrape+1"],"picked":"Leap","floor":10},{"not_picked":["Force Field","Hologram"],"picked":"Rip and Tear+1","floor":11},{"not_picked":["Steam","Rip and Tear+1"],"picked":"Electrodynamics","floor":12},{"not_picked":["Rebound+1","Conserve Battery","Turbo"],"picked":"SKIP","floor":13},{"not_picked":["Gash+1","Turbo"],"picked":"Seek","floor":14},{"not_picked":["Turbo","Consume"],"picked":"Static Discharge","floor":18},{"not_picked":["Scrape+1","Beam Cell+1","Chaos"],"picked":"SKIP","floor":23},{"not_picked":["Ball Lightning+1","Rip and Tear+1"],"picked":"All For One+1","floor":27},{"not_picked":["Self Repair","Ball Lightning+1"],"picked":"Recycle","floor":28},{"not_picked":["Cold Snap+1","Ball Lightning+1"],"picked":"Stack+1","floor":29},{"not_picked":["Barrage+1","Sunder+1"],"picked":"Cold Snap+1","floor":30},{"not_picked":["Ball Lightning+1","Barrage+1"],"picked":"Hologram+1","floor":31},{"not_picked":["Streamline+1","Coolheaded"],"picked":"Capacitor+1","floor":35},{"not_picked":["Go for the Eyes+1","Force Field"],"picked":"Doom and Gloom+1","floor":36},{"not_picked":["Turbo","Chill"],"picked":"Consume+1","floor":39},{"not_picked":["Storm","Go for the Eyes+1"],"picked":"Genetic Algorithm","floor":40},{"not_picked":["Doom and Gloom+1","Sweeping Beam+1","Turbo+1"],"picked":"SKIP","floor":41},{"not_picked":["Loop","Scrape+1"],"picked":"Force Field+1","floor":42},{"not_picked":["Static Discharge","Cold Snap+1"],"picked":"Undo+1","floor":44},{"not_picked":["Steam+1","Rebound+1"],"picked":"Double Energy+1","floor":46},{"not_picked":["Compile Driver+1","Go for the Eyes+1"],"picked":"Defragment","floor":47},{"not_picked":["Genetic Algorithm+1","BootSequence+1"],"picked":"Echo Form","floor":48},{"not_picked":["Turbo+1","Self Repair","Redo+1"],"picked":"SKIP","floor":55}],"player_experience":5856474,"relics_obtained":[{"floor":5,"key":"Molten Egg 2"},{"floor":7,"key":"Strawberry"},{"floor":9,"key":"MawBank"},{"floor":12,"key":"Omamori"},{"floor":20,"key":"Emotion Chip"},{"floor":23,"key":"Happy Flower"},{"floor":23,"key":"Orichalcum"},{"floor":26,"key":"Mango"},{"floor":27,"key":"Bronze Scales"},{"floor":27,"key":"Cables"},{"floor":30,"key":"Letter Opener"},{"floor":30,"key":"Du-Vu Doll"},{"floor":39,"key":"Dead Branch"},{"floor":40,"key":"Toxic Egg 2"},{"floor":40,"key":"StoneCalendar"},{"floor":42,"key":"Pear"},{"floor":42,"key":"Symbiotic Virus"},{"floor":48,"key":"Calipers"},{"floor":48,"key":"Pantograph"},{"floor":55,"key":"Blood Vial"},{"floor":55,"key":"Vajra"}],"event_choices":[{"damage_healed":0,"gold_gain":0,"player_choice":"Success","damage_taken":11,"relics_obtained":["Lantern"],"max_hp_gain":0,"max_hp_loss":0,"event_name":"Scrap Ooze","floor":3,"gold_loss":0},{"damage_healed":0,"gold_gain":0,"player_choice":"Became a vampire","damage_taken":0,"max_hp_gain":0,"max_hp_loss":24,"event_name":"Vampires","floor":19,"gold_loss":0,"cards_obtained":["Bite","Bite","Bite","Bite","Bite"]},{"damage_healed":0,"gold_gain":50,"player_choice":"Stole From Cult","damage_taken":0,"max_hp_gain":0,"max_hp_loss":0,"event_name":"Nest","floor":21,"gold_loss":0},{"damage_healed":0,"gold_gain":0,"player_choice":"Memory 3","damage_taken":10,"max_hp_gain":0,"max_hp_loss":0,"event_name":"SensoryStone","floor":37,"gold_loss":0},{"damage_healed":0,"gold_gain":0,"player_choice":"Fight","damage_taken":0,"max_hp_gain":0,"max_hp_loss":0,"event_name":"Mysterious Sphere","floor":39,"gold_loss":0},{"damage_healed":16,"gold_gain":0,"player_choice":"Writhe","damage_taken":0,"max_hp_gain":0,"max_hp_loss":0,"event_name":"Winding Halls","floor":45,"gold_loss":0,"cards_obtained":["Writhe"]}],"is_beta":true,"boss_relics":[{"not_picked":["Philosopher\u0027s Stone","Fusion Hammer"],"picked":"Black Star"},{"not_picked":["Velvet Choker","Busted Crown"],"picked":"Snecko Eye"}],"items_purged_floors":[24],"is_endless":false,"potions_floor_spawned":[1,12,14,18,27,30,31,36,41,44,46],"ascension_level":20}