{"gold_per_floor":[116,116,191,2,2,2,21,21,66,97,117,77,104,24,24,101,101,121,100,0,0,12,46,60,60,60,60,60,77,77,77],"floor_reached":31,"playtime":1961,"items_purged":["Strike_G","Strike_G"],"score":522,"play_id":"bb4459da-1b66-4e26-adf2-206e135c8847","local_time":"20190427152618","is_ascension_mode":true,"campfire_choices":[{"floor":6,"key":"REST"},{"data":"Well Laid Plans","floor":15,"key":"SMITH"},{"data":"Neutralize","floor":25,"key":"SMITH"},{"data":"After Image","floor":27,"key":"SMITH"}],"neow_cost":"NONE","seed_source_timestamp":7288776967618,"circlet_count":0,"master_deck":["AscendersBane","Defend_G","Defend_G","Defend_G","Defend_G","Defend_G","Strike_G","Strike_G","Survivor","Neutralize+1","Well Laid Plans+1","Predator","Dodge and Roll","Backflip","Terror","Blade Dance","Flechettes","After Image+1","Dagger Spray","Infinite Blades+1","Noxious Fumes","Backflip","Acrobatics","Deflect+1","Shame","Acrobatics+1","J.A.X.+1"],"relics":["Ring of the Snake","Oddly Smooth Stone","WarpedTongs","Happy Flower","Blood Vial","Regal Pillow","Coffee Dripper","Ancient Tea Set","Toxic Egg 2"],"potions_floor_usage":[13,22,23,29,31],"damage_taken":[{"damage":14,"enemies":"Jaw Worm","floor":1,"turns":10},{"damage":2,"enemies":"Small Slimes","floor":7,"turns":7},{"damage":4,"enemies":"3 Sentries","floor":10,"turns":13},{"damage":0,"enemies":"Cultist","floor":11,"turns":3},{"damage":1,"enemies":"Lagavulin","floor":13,"turns":7},{"damage":5,"enemies":"Slime Boss","floor":16,"turns":7},{"damage":6,"enemies":"Spheric Guardian","floor":18,"turns":6},{"damage":3,"enemies":"2 Thieves","floor":19,"turns":4},{"damage":10,"enemies":"Chosen and Byrds","floor":22,"turns":8},{"damage":32,"enemies":"Gremlin Leader","floor":23,"turns":7},{"damage":9,"enemies":"Snake Plant","floor":24,"turns":4},{"damage":2,"enemies":"3 Cultists","floor":29,"turns":6},{"damage":12,"enemies":"Shelled Parasite and Fungi","floor":31,"turns":3}],"seed_played":"3972277397759494878","potions_obtained":[{"floor":1,"key":"SmokeBomb"},{"floor":11,"key":"Dexterity Potion"},{"floor":12,"key":"Ancient Potion"},{"floor":18,"key":"SteroidPotion"},{"floor":23,"key":"GamblersBrew"},{"floor":24,"key":"Fire Potion"}],"is_trial":false,"path_per_floor":["M","?","?","$","?","R","M","?","T","E","M","?","E","$","R","B",null,"M","M","$","?","M","E","M","R","T","R","?","M","?","M"],"character_chosen":"THE_SILENT","items_purchased":["Well Laid Plans","Predator","Flechettes"],"campfire_rested":1,"item_purchase_floors":[4,4,14],"current_hp_per_floor":[45,38,27,27,27,46,44,44,44,40,42,42,43,43,43,40,60,56,55,55,55,47,17,10,10,10,10,10,10,10,0],"gold":77,"neow_bonus":"RANDOM_COMMON_RELIC","is_prod":false,"is_daily":false,"chose_seed":false,"campfire_upgraded":3,"win_rate":0,"timestamp":1556403978,"path_taken":["M","?","?","?","?","R","?","?","T","E","M","?","E","$","R","BOSS","M","?","$","?","M","E","M","R","T","R","?","M","?","M"],"build_version":"2019-04-23","purchased_purges":2,"victory":false,"max_hp_per_floor":[66,66,66,66,66,66,66,66,66,66,66,66,66,66,66,66,66,66,66,66,66,66,66,66,66,66,66,66,66,66,66],"card_choices":[{"not_picked":["Reflex","Bane","Acrobatics"],"picked":"SKIP","floor":1},{"not_picked":["Cloak And Dagger","Bane"],"picked":"Dodge and Roll","floor":7},{"not_picked":["Finisher","Blur"],"picked":"Backflip","floor":10},{"not_picked":["Deflect","PiercingWail"],"picked":"Terror","floor":11},{"not_picked":["Deflect","Backstab"],"picked":"Blade Dance","floor":13},{"not_picked":["Tools of the Trade","Storm of Steel"],"picked":"After Image","floor":16},{"not_picked":["Bane","Flying Knee+1"],"picked":"Dagger Spray","floor":18},{"not_picked":["Prepared","Deadly Poison"],"picked":"Infinite Blades+1","floor":19},{"not_picked":["Dagger Spray","Blade Dance"],"picked":"Backflip","floor":22},{"not_picked":["Poisoned Stab","Riddle With Holes"],"picked":"Acrobatics","floor":23},{"not_picked":["Distraction","Masterful Stab"],"picked":"Deflect+1","floor":24},{"not_picked":["Bane","Dagger Spray"],"picked":"Acrobatics+1","floor":29}],"player_experience":5898094,"relics_obtained":[{"floor":9,"key":"Happy Flower"},{"floor":10,"key":"Blood Vial"},{"floor":13,"key":"Regal Pillow"},{"floor":23,"key":"Ancient Tea Set"}],"event_choices":[{"cards_removed":["Strike_G"],"damage_healed":0,"gold_gain":0,"player_choice":"Card Removal","damage_taken":7,"max_hp_gain":0,"max_hp_loss":0,"event_name":"Golden Wing","floor":2,"gold_loss":0},{"damage_healed":0,"gold_gain":75,"player_choice":"Gather Gold","damage_taken":11,"max_hp_gain":0,"max_hp_loss":0,"event_name":"World of Goop","floor":3,"gold_loss":0},{"damage_healed":0,"gold_gain":0,"player_choice":"Rummage","damage_taken":0,"relics_obtained":["WarpedTongs"],"max_hp_gain":0,"max_hp_loss":0,"event_name":"Accursed Blacksmith","floor":5,"gold_loss":0,"cards_obtained":["Pain"]},{"cards_removed":["Pain"],"damage_healed":0,"gold_gain":0,"player_choice":"Forget","damage_taken":0,"max_hp_gain":0,"max_hp_loss":0,"event_name":"Living Wall","floor":8,"gold_loss":0},{"damage_healed":0,"gold_gain":0,"player_choice":"Bought 3 Potions","damage_taken":0,"max_hp_gain":0,"max_hp_loss":0,"event_name":"The Woman in Blue","floor":12,"gold_loss":0},{"damage_healed":0,"gold_gain":0,"player_choice":"Read","damage_taken":0,"max_hp_gain":0,"max_hp_loss":0,"event_name":"The Library","floor":21,"gold_loss":0,"cards_obtained":["Noxious Fumes"]},{"damage_healed":0,"gold_gain":0,"player_choice":"Stole Relic","damage_taken":0,"relics_obtained":["Toxic Egg 2"],"max_hp_gain":0,"max_hp_loss":0,"event_name":"Addict","floor":28,"gold_loss":0,"cards_obtained":["Shame"]},{"damage_healed":0,"gold_gain":0,"player_choice":"Obtain J.A.X.","damage_taken":0,"max_hp_gain":0,"max_hp_loss":0,"event_name":"Drug Dealer","floor":30,"gold_loss":0,"cards_obtained":["J.A.X."]}],"is_beta":true,"boss_relics":[{"not_picked":["Ring of the Serpent","Orrery"],"picked":"Coffee Dripper"}],"items_purged_floors":[4,20],"is_endless":false,"potions_floor_spawned":[1,11,18,23,24],"killed_by":"Shelled Parasite and Fungi","ascension_level":20}