{"gold_per_floor":[210,210,310,321,332,332,343,4,4,30,30,50,50,67,67,145,145,164,164,79,93,8,8,38,38,38,69,80,98,98,111,111,185,185,202,202,219,239,46,72,72,105,128,159,206,240,251,4,4,4,4,4,4,4,37,37],"floor_reached":57,"playtime":4359,"items_purged":[],"score":2945,"play_id":"3339a3e3-fcc7-4d91-bf4d-bf6e7f2d1cd1","local_time":"20190501223518","is_ascension_mode":true,"campfire_choices":[{"data":"Bash","floor":6,"key":"SMITH"},{"floor":13,"key":"REST"},{"data":"Battle Trance","floor":15,"key":"SMITH"},{"data":"Seeing Red","floor":23,"key":"SMITH"},{"data":"Shockwave","floor":25,"key":"SMITH"},{"data":"True Grit","floor":30,"key":"SMITH"},{"data":"Brutality","floor":32,"key":"SMITH"},{"floor":41,"key":"RECALL"},{"data":"1","floor":49,"key":"LIFT"},{"data":"2","floor":53,"key":"LIFT"}],"neow_cost":"NONE","seed_source_timestamp":129817166999201,"circlet_count":0,"master_deck":["AscendersBane","Defend_R","Defend_R","Defend_R","Bash+1","Armaments","Battle Trance+1","True Grit+1","Shockwave+1","Bludgeon+1","Bludgeon+1","Second Wind+1","Reckless Charge+1","Clothesline+1","Headbutt+1","Power Through","Seeing Red+1","Shrug It Off+1","Battle Trance+1","Brutality+1","Warcry+1","Intimidate+1","True Grit+1","Anger+1","Immolate+1","Rage+1","Feel No Pain+1","Havoc+1","Corruption+1","Feel No Pain","Battle Trance+1","Power Through+1","Rampage+1","Fiend Fire+1","Reaper+1"],"relics":["Burning Blood","Self Forming Clay","Art of War","Molten Egg 2","Astrolabe","Toxic Egg 2","Pantograph","Mercury Hourglass","Ancient Tea Set","Fusion Hammer","Bag of Marbles","Meat on the Bone","Anchor","Blood Vial","Girya","Pocketwatch","Paper Frog"],"potions_floor_usage":[7,10,16,24,27,56,56],"damage_taken":[{"damage":11,"enemies":"Jaw Worm","floor":1,"turns":5},{"damage":8,"enemies":"Small Slimes","floor":4,"turns":6},{"damage":1,"enemies":"Cultist","floor":5,"turns":3},{"damage":39,"enemies":"Gremlin Gang","floor":7,"turns":5},{"damage":25,"enemies":"Gremlin Nob","floor":10,"turns":4},{"damage":1,"enemies":"Blue Slaver","floor":12,"turns":6},{"damage":9,"enemies":"Exordium Wildlife","floor":14,"turns":6},{"damage":12,"enemies":"The Guardian","floor":16,"turns":13},{"damage":0,"enemies":"3 Byrds","floor":18,"turns":4},{"damage":7,"enemies":"2 Thieves","floor":21,"turns":4},{"damage":21,"enemies":"Book of Stabbing","floor":24,"turns":4},{"damage":16,"enemies":"Slavers","floor":27,"turns":4},{"damage":0,"enemies":"Centurion and Healer","floor":28,"turns":3},{"damage":8,"enemies":"Shelled Parasite and Fungi","floor":29,"turns":3},{"damage":0,"enemies":"3 Cultists","floor":31,"turns":4},{"damage":50,"enemies":"Collector","floor":33,"turns":10},{"damage":3,"enemies":"3 Shapes","floor":35,"turns":4},{"damage":5,"enemies":"3 Darklings","floor":37,"turns":2},{"damage":26,"enemies":"Maw","floor":38,"turns":9},{"damage":5,"enemies":"Giant Head","floor":40,"turns":6},{"damage":11,"enemies":"Reptomancer","floor":42,"turns":5},{"damage":5,"enemies":"Giant Head","floor":44,"turns":6},{"damage":11,"enemies":"2 Orb Walkers","floor":45,"turns":5},{"damage":5,"enemies":"Reptomancer","floor":46,"turns":6},{"damage":5,"enemies":"Jaw Worm Horde","floor":47,"turns":4},{"damage":40,"enemies":"Awakened One","floor":50,"turns":15},{"damage":56,"enemies":"Time Eater","floor":51,"turns":14},{"damage":42,"enemies":"Shield and Spear","floor":55,"turns":8},{"damage":43,"enemies":"The Heart","floor":56,"turns":9}],"seed_played":"-6124335344647082683","potions_obtained":[{"floor":5,"key":"Weak Potion"},{"floor":12,"key":"Fire Potion"},{"floor":16,"key":"Dexterity Potion"},{"floor":18,"key":"SkillPotion"},{"floor":21,"key":"LiquidBronze"},{"floor":31,"key":"SkillPotion"},{"floor":33,"key":"AttackPotion"},{"floor":38,"key":"SteroidPotion"},{"floor":44,"key":"Strength Potion"}],"is_trial":false,"path_per_floor":["M","?","?","M","M","R","M","$","T","E","$","M","R","M","R","B",null,"M","?","?","M","$","R","E","R","T","E","M","M","R","M","R","B",null,"M","?","M","M","$","E","R","E","T","E","?","E","M","$","R","B","B",null,"R","$","E","B",null],"character_chosen":"IRONCLAD","items_purchased":["Self Forming Clay","Strength Potion","Battle Trance+1","Havoc+1","Bag of Marbles","Fiend Fire+1","Reaper+1"],"campfire_rested":1,"item_purchase_floors":[8,8,22,39,39,48,48],"current_hp_per_floor":[63,56,56,54,59,59,26,26,26,7,7,12,34,31,31,25,63,69,69,69,68,68,68,53,53,53,43,49,47,47,53,53,31,64,67,67,68,48,48,49,49,44,44,45,54,57,60,60,60,56,46,68,68,68,53,53],"gold":37,"neow_bonus":"HUNDRED_GOLD","is_prod":false,"is_daily":false,"chose_seed":false,"campfire_upgraded":6,"win_rate":0,"timestamp":1556775318,"path_taken":["M","?","?","?","M","R","?","$","T","E","$","M","R","M","R","BOSS","M","?","?","M","$","R","E","R","T","E","M","M","R","M","R","BOSS","M","?","M","?","$","E","R","E","T","E","?","E","M","?","R","BOSS","BOSS","R","$","E","BOSS"],"build_version":"2019-04-23","purchased_purges":0,"victory":true,"max_hp_per_floor":[75,75,75,75,75,75,75,75,75,75,75,75,75,75,75,75,75,75,75,75,75,75,75,75,75,75,75,75,75,75,75,75,75,75,75,75,75,75,75,75,75,75,75,75,75,75,75,75,75,75,75,75,75,75,75,75],"card_choices":[{"not_picked":["Sword Boomerang","Evolve"],"picked":"Armaments","floor":1},{"not_picked":["True Grit","Corruption","Heavy Blade"],"picked":"SKIP","floor":4},{"not_picked":["Armaments","Dropkick"],"picked":"Thunderclap","floor":5},{"not_picked":["Intimidate","Heavy Blade"],"picked":"Battle Trance","floor":7},{"not_picked":["Dropkick","Seeing Red"],"picked":"True Grit","floor":10},{"not_picked":["Sever Soul+1","Dual Wield"],"picked":"Shockwave","floor":12},{"not_picked":["Wild Strike+1","Perfected Strike+1"],"picked":"Bludgeon+1","floor":14},{"not_picked":["Exhume","Dark Embrace"],"picked":"Bludgeon+1","floor":16},{"not_picked":["Infernal Blade","Anger+1"],"picked":"Headbutt+1","floor":18},{"not_picked":["Pommel Strike+1","Heavy Blade+1"],"picked":"Shrug It Off+1","floor":21},{"not_picked":["Cleave+1","Body Slam+1"],"picked":"Brutality","floor":24},{"not_picked":["Heavy Blade+1","Clash+1"],"picked":"Warcry+1","floor":27},{"not_picked":["Iron Wave+1","Headbutt+1"],"picked":"Intimidate+1","floor":28},{"not_picked":["Body Slam+1","Wild Strike+1"],"picked":"True Grit+1","floor":29},{"not_picked":["Clothesline+1","Fire Breathing"],"picked":"Anger+1","floor":31},{"not_picked":["Juggernaut","Berserk"],"picked":"Immolate+1","floor":33},{"not_picked":["Bloodletting+1","Thunderclap+1"],"picked":"Rage+1","floor":35},{"not_picked":["Rage+1","Entrench+1"],"picked":"Feel No Pain+1","floor":37},{"not_picked":["Bloodletting+1","Seeing Red+1","Iron Wave+1"],"picked":"SKIP","floor":38},{"not_picked":["Flame Barrier+1","Reaper+1"],"picked":"Corruption+1","floor":40},{"not_picked":["Armaments+1","Flex+1","Second Wind+1"],"picked":"SKIP","floor":42},{"not_picked":["Perfected Strike+1","Wild Strike+1"],"picked":"Feel No Pain","floor":44},{"not_picked":["Infernal Blade+1","Searing Blow+1"],"picked":"Battle Trance+1","floor":45},{"not_picked":["Pummel+1","Headbutt+1"],"picked":"Power Through+1","floor":46},{"not_picked":["Perfected Strike+1","Battle Trance+1"],"picked":"Rampage+1","floor":47},{"not_picked":["Wild Strike+1","Clothesline+1","Headbutt+1"],"picked":"SKIP","floor":55}],"player_experience":6045868,"relics_obtained":[{"floor":9,"key":"Art of War"},{"floor":10,"key":"Molten Egg 2"},{"floor":24,"key":"Pantograph"},{"floor":26,"key":"Mercury Hourglass"},{"floor":27,"key":"Ancient Tea Set"},{"floor":40,"key":"Meat on the Bone"},{"floor":42,"key":"Anchor"},{"floor":44,"key":"Blood Vial"},{"floor":45,"key":"Girya"},{"floor":46,"key":"Pocketwatch"},{"floor":55,"key":"Paper Frog"}],"event_choices":[{"cards_removed":["Strike_R"],"damage_healed":0,"gold_gain":0,"player_choice":"Card Removal","damage_taken":7,"max_hp_gain":0,"max_hp_loss":0,"event_name":"Golden Wing","floor":2,"gold_loss":0},{"damage_healed":0,"gold_gain":100,"player_choice":"Gold","damage_taken":0,"max_hp_gain":0,"max_hp_loss":0,"event_name":"Wheel of Change","floor":3,"gold_loss":0},{"damage_healed":0,"gold_gain":0,"cards_transformed":["Strike_R","Thunderclap"],"player_choice":"Became Test Subject","damage_taken":0,"max_hp_gain":0,"max_hp_loss":0,"event_name":"Drug Dealer","floor":19,"gold_loss":0,"cards_obtained":["Power Through","Seeing Red"]},{"damage_healed":0,"gold_gain":0,"player_choice":"Obtained Relic","damage_taken":0,"relics_obtained":["Toxic Egg 2"],"max_hp_gain":0,"max_hp_loss":0,"event_name":"Addict","floor":20,"gold_loss":85},{"cards_removed":["Defend_R"],"damage_healed":0,"gold_gain":0,"player_choice":"Purged","damage_taken":0,"max_hp_gain":0,"max_hp_loss":0,"event_name":"Purifier","floor":36,"gold_loss":0},{"damage_healed":0,"gold_gain":0,"player_choice":"Fight","damage_taken":0,"max_hp_gain":0,"max_hp_loss":0,"event_name":"Mysterious Sphere","floor":45,"gold_loss":0}],"is_beta":true,"boss_relics":[{"not_picked":["Tiny House","Lizard Tail"],"picked":"Astrolabe"},{"not_picked":["Velvet Choker","Sozu"],"picked":"Fusion Hammer"}],"items_purged_floors":[],"is_endless":false,"potions_floor_spawned":[5,12,16,18,21,31,33,38,40,44,47],"ascension_level":20}