{"gold_per_floor":[118,118,118,78,94,94,121,135,135,135,152,12,12,42,42,113,113,126,126,138,138,26,26,52,52,125,125,144,154,54,66,66,143,143,155,155,167,183,183,183,194,194,194,228,248,266,266,277,277,277,277,277,277,104,138,138],"floor_reached":56,"playtime":4226,"items_purged":["Defend_B","Strike_B+1"],"score":1864,"play_id":"1076d502-e639-4108-8bcc-2c294adaef6b","local_time":"20190428164450","is_ascension_mode":true,"campfire_choices":[{"data":"Sweeping Beam","floor":6,"key":"SMITH"},{"floor":10,"key":"REST"},{"data":"Leap","floor":13,"key":"SMITH"},{"data":"Conserve Battery","floor":15,"key":"SMITH"},{"data":"Doom and Gloom","floor":23,"key":"SMITH"},{"data":"Turbo","floor":25,"key":"SMITH"},{"data":"Hologram","floor":27,"key":"SMITH"},{"data":"Darkness","floor":32,"key":"SMITH"},{"data":"Madness","floor":40,"key":"SMITH"},{"floor":47,"key":"RECALL"},{"data":"Madness","floor":49,"key":"SMITH"},{"floor":53,"key":"REST"}],"neow_cost":"NONE","seed_source_timestamp":96138619263282,"circlet_count":0,"master_deck":["AscendersBane","Defend_B+1","Defend_B","Zap+1","Dualcast","Sweeping Beam+1","Leap+1","Self Repair+1","Conserve Battery+1","Static Discharge+1","Core Surge","Biased Cognition+1","Lockon","Turbo+1","Chill","Doom and Gloom+1","Hologram+1","Loop+1","Darkness+1","Electrodynamics+1","Coolheaded+1","Rainbow","Hologram+1","Stack","Madness+1","Madness+1","All For One+1","Force Field+1","Fission"],"relics":["Cracked Core","Frozen Egg 2","Bag of Preparation","Runic Pyramid","Molten Egg 2","Blue Candle","Cursed Key","Singing Bowl","Oddly Smooth Stone"],"potions_floor_usage":[7,7,14,16,33,44,50,55,56],"damage_taken":[{"damage":0,"enemies":"2 Louse","floor":1,"turns":3},{"damage":2,"enemies":"Jaw Worm","floor":5,"turns":2},{"damage":29,"enemies":"Gremlin Nob","floor":7,"turns":4},{"damage":0,"enemies":"Cultist","floor":8,"turns":3},{"damage":15,"enemies":"Large Slime","floor":11,"turns":6},{"damage":7,"enemies":"3 Sentries","floor":14,"turns":6},{"damage":19,"enemies":"The Guardian","floor":16,"turns":12},{"damage":1,"enemies":"Chosen","floor":18,"turns":4},{"damage":10,"enemies":"Shell Parasite","floor":20,"turns":3},{"damage":25,"enemies":"Book of Stabbing","floor":24,"turns":3},{"damage":0,"enemies":"Snake Plant","floor":28,"turns":4},{"damage":0,"enemies":"Centurion and Healer","floor":29,"turns":5},{"damage":0,"enemies":"Snecko","floor":31,"turns":4},{"damage":10,"enemies":"Collector","floor":33,"turns":5},{"damage":1,"enemies":"Orb Walker","floor":35,"turns":3},{"damage":0,"enemies":"3 Shapes","floor":37,"turns":3},{"damage":8,"enemies":"Writhing Mass","floor":38,"turns":4},{"damage":4,"enemies":"4 Shapes","floor":41,"turns":5},{"damage":38,"enemies":"Nemesis","floor":44,"turns":7},{"damage":6,"enemies":"3 Darklings","floor":45,"turns":4},{"damage":0,"enemies":"Maw","floor":46,"turns":5},{"damage":18,"enemies":"Writhing Mass","floor":48,"turns":5},{"damage":17,"enemies":"Awakened One","floor":50,"turns":7},{"damage":18,"enemies":"Donu and Deca","floor":51,"turns":5},{"damage":52,"enemies":"Shield and Spear","floor":55,"turns":4},{"damage":44,"enemies":"The Heart","floor":56,"turns":3}],"seed_played":"524259626110423144","potions_obtained":[{"floor":4,"key":"SkillPotion"},{"floor":4,"key":"EssenceOfSteel"},{"floor":11,"key":"Dexterity Potion"},{"floor":14,"key":"Explosive Potion"},{"floor":24,"key":"PowerPotion"},{"floor":31,"key":"PowerPotion"},{"floor":38,"key":"FocusPotion"},{"floor":46,"key":"Dexterity Potion"}],"is_trial":false,"path_per_floor":["M","?","?","?","M","R","E","M","T","R","M","$","R","E","R","B",null,"M","?","M","?","$","R","E","R","T","R","M","M","$","M","R","B",null,"M","?","M","M","?","R","M","?","T","E","M","M","R","M","R","B","B",null,"R","$","E","B"],"character_chosen":"DEFECT","items_purchased":["Static Discharge+1","Fire Potion","Doom and Gloom","Ancient Potion","Fission"],"campfire_rested":2,"item_purchase_floors":[12,12,22,54,54],"current_hp_per_floor":[64,43,36,36,34,34,5,5,5,26,21,21,21,24,24,15,57,66,66,66,46,46,46,31,31,31,31,41,51,51,61,61,61,72,71,71,76,76,62,62,68,68,68,42,48,58,58,52,52,45,37,71,82,82,42,0],"gold":138,"neow_bonus":"UPGRADE_CARD","is_prod":false,"is_daily":false,"chose_seed":false,"campfire_upgraded":9,"win_rate":0,"timestamp":1556495090,"path_taken":["M","?","?","?","M","R","E","M","T","R","M","$","R","E","R","BOSS","M","?","M","?","?","R","E","R","T","R","M","?","$","M","R","BOSS","M","?","M","?","?","R","M","?","T","E","M","M","R","?","R","BOSS","BOSS","R","$","E","BOSS"],"build_version":"2019-04-23","purchased_purges":2,"victory":false,"max_hp_per_floor":[71,71,71,71,71,71,71,71,71,71,71,71,71,71,71,71,71,71,71,71,76,76,76,76,76,76,76,76,76,76,76,76,76,76,76,76,76,76,76,76,76,76,76,78,80,80,80,82,82,82,82,82,82,82,84,84],"card_choices":[{"not_picked":["Gash","Chaos"],"picked":"Sweeping Beam","floor":1},{"not_picked":["Beam Cell","Conserve Battery","Hologram"],"picked":"SKIP","floor":5},{"not_picked":["White Noise","Sweeping Beam"],"picked":"Leap","floor":7},{"not_picked":["Coolheaded","Heatsinks+1"],"picked":"Self Repair+1","floor":8},{"not_picked":["Barrage","Compile Driver"],"picked":"Conserve Battery","floor":11},{"not_picked":["Stack","Darkness"],"picked":"Core Surge","floor":14},{"not_picked":["Multi-Cast","Rainbow"],"picked":"Biased Cognition+1","floor":16},{"not_picked":["Steam Power","Gash","Barrage"],"picked":"SKIP","floor":18},{"not_picked":["Sweeping Beam+1","Hologram+1"],"picked":"Chill","floor":20},{"not_picked":["Double Energy","Tempest"],"picked":"Hologram","floor":24},{"not_picked":["Steam","Streamline+1","Stack"],"picked":"SKIP","floor":28},{"not_picked":["Melter+1","Tempest"],"picked":"Loop+1","floor":29},{"not_picked":["Steam","Barrage+1"],"picked":"Darkness","floor":31},{"not_picked":["Hyperbeam+1","Thunder Strike+1"],"picked":"Electrodynamics+1","floor":33},{"not_picked":["Beam Cell+1","Compile Driver+1"],"picked":"Coolheaded+1","floor":35},{"not_picked":["Self Repair+1","Cold Snap+1"],"picked":"Hologram+1","floor":37},{"not_picked":["Steam","Steam Power"],"picked":"Stack","floor":38},{"not_picked":["Compile Driver+1","Tempest+1","Consume+1"],"picked":"SKIP","floor":41},{"not_picked":["Conserve Battery+1","Beam Cell+1","Compile Driver+1"],"picked":"Singing Bowl","floor":44},{"not_picked":["Skim","Cold Snap+1","Rebound+1"],"picked":"Singing Bowl","floor":45},{"not_picked":["Steam","Streamline+1"],"picked":"Force Field+1","floor":46},{"not_picked":["Redo","Sweeping Beam+1","Chaos"],"picked":"Singing Bowl","floor":48},{"not_picked":["Cold Snap+1","Compile Driver+1","Barrage+1"],"picked":"Singing Bowl","floor":55}],"player_experience":5927687,"relics_obtained":[{"floor":7,"key":"Frozen Egg 2"},{"floor":14,"key":"Bag of Preparation"},{"floor":24,"key":"Molten Egg 2"},{"floor":26,"key":"Blue Candle"},{"floor":44,"key":"Singing Bowl"},{"floor":55,"key":"Oddly Smooth Stone"}],"event_choices":[{"damage_healed":0,"gold_gain":0,"player_choice":"Entered Light","damage_taken":21,"max_hp_gain":0,"max_hp_loss":0,"event_name":"Shining Light","floor":2,"gold_loss":0,"cards_upgraded":["Strike_B","Defend_B"]},{"cards_removed":["Strike_B"],"damage_healed":0,"gold_gain":0,"player_choice":"Card Removal","damage_taken":7,"max_hp_gain":0,"max_hp_loss":0,"event_name":"Golden Wing","floor":3,"gold_loss":0},{"damage_healed":0,"gold_gain":0,"player_choice":"Bought 3 Potions","damage_taken":0,"max_hp_gain":0,"max_hp_loss":0,"event_name":"The Woman in Blue","floor":4,"gold_loss":0},{"damage_healed":0,"gold_gain":0,"cards_transformed":["Strike_B","Strike_B"],"player_choice":"Became Test Subject","damage_taken":0,"max_hp_gain":0,"max_hp_loss":0,"event_name":"Drug Dealer","floor":19,"gold_loss":0,"cards_obtained":["Lockon","Turbo"]},{"damage_healed":0,"gold_gain":0,"player_choice":"Shed Blood","damage_taken":25,"max_hp_gain":5,"max_hp_loss":0,"event_name":"Forgotten Altar","floor":21,"gold_loss":0},{"damage_healed":0,"gold_gain":0,"player_choice":"1 cards matched","damage_taken":0,"max_hp_gain":0,"max_hp_loss":0,"event_name":"Match and Keep!","floor":36,"gold_loss":0,"cards_obtained":["Rainbow"]},{"damage_healed":0,"gold_gain":0,"player_choice":"Embrace Madness","damage_taken":14,"max_hp_gain":0,"max_hp_loss":0,"event_name":"Winding Halls","floor":39,"gold_loss":0,"cards_obtained":["Madness","Madness"]},{"damage_healed":0,"gold_gain":0,"cards_transformed":["Defend_B"],"player_choice":"Transformed","damage_taken":0,"max_hp_gain":0,"max_hp_loss":0,"event_name":"Transmorgrifier","floor":42,"gold_loss":0,"cards_obtained":["All For One"]}],"is_beta":true,"boss_relics":[{"not_picked":["Lizard Tail","Calling Bell"],"picked":"Runic Pyramid"},{"not_picked":["Inserter","Sozu"],"picked":"Cursed Key"}],"items_purged_floors":[22,30],"is_endless":false,"potions_floor_spawned":[5,11,14,24,28,31,38,41,46,48],"killed_by":"The Heart","ascension_level":20}