{"gold_per_floor":[211,58,58,75,20,45,55,55,55,55,89,9,41,56,56,135,135,151,151,161,175,225,253,253,587,587,601,601,66,98,118,118,118],"floor_reached":33,"playtime":2034,"items_purged":["Strike_R","Strike_R"],"score":721,"play_id":"92bbb5e0-b0d0-448f-8ccd-a5cb54c270be","local_time":"20190503025905","is_ascension_mode":true,"campfire_choices":[{"data":"Hemokinesis","floor":8,"key":"SMITH"},{"floor":10,"key":"REST"},{"data":"Anger","floor":15,"key":"SMITH"},{"floor":24,"key":"REST"},{"data":"Inflame","floor":32,"key":"SMITH"}],"neow_cost":"NONE","seed_source_timestamp":234394158566754,"circlet_count":0,"master_deck":["AscendersBane","Defend_R","Defend_R","Defend_R","Defend_R","Bash+1","Anger+1","Hemokinesis+1","Battle Trance","Shrug It Off","Disarm","Pommel Strike","Flame Barrier","Immolate","Inflame+1","Bite","Bite","Bite","Bite","Bite","Shrug It Off","Clothesline+1","Flame Barrier","Corruption","Rupture"],"relics":["Burning Blood","Sundial","Gremlin Horn","The Courier","Cursed Key","Matryoshka","Old Coin","Bottled Lightning","Calipers","Red Skull","Vajra","Letter Opener","Omamori"],"potions_floor_usage":[11,16,20,23,25],"damage_taken":[{"damage":1,"enemies":"Cultist","floor":1,"turns":4},{"damage":3,"enemies":"Jaw Worm","floor":4,"turns":3},{"damage":43,"enemies":"3 Sentries","floor":6,"turns":9},{"damage":0,"enemies":"2 Louse","floor":7,"turns":4},{"damage":2,"enemies":"Gremlin Nob","floor":11,"turns":2},{"damage":17,"enemies":"Lagavulin","floor":13,"turns":5},{"damage":8,"enemies":"Lots of Slimes","floor":14,"turns":5},{"damage":16,"enemies":"Slime Boss","floor":16,"turns":7},{"damage":26,"enemies":"2 Thieves","floor":18,"turns":4},{"damage":16,"enemies":"Chosen","floor":20,"turns":5},{"damage":31,"enemies":"Snake Plant","floor":21,"turns":6},{"damage":22,"enemies":"Book of Stabbing","floor":23,"turns":4},{"damage":15,"enemies":"Slavers","floor":25,"turns":6},{"damage":19,"enemies":"Centurion and Healer","floor":27,"turns":15},{"damage":15,"enemies":"Gremlin Leader","floor":30,"turns":6},{"damage":12,"enemies":"Chosen and Byrds","floor":31,"turns":5},{"damage":99,"enemies":"Automaton","floor":33,"turns":8}],"seed_played":"2558577990701182661","potions_obtained":[{"floor":6,"key":"Strength Potion"},{"floor":7,"key":"PowerPotion"},{"floor":11,"key":"GamblersBrew"},{"floor":18,"key":"Fruit Juice"},{"floor":20,"key":"AttackPotion"},{"floor":21,"key":"Weak Potion"},{"floor":31,"key":"Energy Potion"}],"is_trial":false,"path_per_floor":["M","$","?","M","$","E","M","R","T","R","E","$","E","M","R","B",null,"M","?","M","M","?","E","R","E","T","M","?","$","E","M","R","B"],"character_chosen":"IRONCLAD","items_purchased":["Hemokinesis","Shrug It Off","Corruption","Red Skull","Vajra","Letter Opener"],"campfire_rested":2,"item_purchase_floors":[2,5,29,29,29,29],"current_hp_per_floor":[73,73,73,75,75,38,44,44,44,66,70,70,59,59,59,51,69,51,51,58,47,47,39,63,62,62,80,80,80,80,78,78,0],"gold":118,"neow_bonus":"HUNDRED_GOLD","is_prod":false,"is_daily":false,"chose_seed":false,"campfire_upgraded":3,"win_rate":0,"timestamp":1556877545,"path_taken":["M","$","?","M","?","E","?","R","T","R","E","$","E","M","R","BOSS","M","?","M","M","?","E","R","E","T","?","?","$","E","M","R","BOSS"],"build_version":"2019-04-23","purchased_purges":2,"victory":false,"max_hp_per_floor":[75,75,75,75,75,75,75,75,75,75,75,75,75,75,75,75,75,75,75,80,80,80,80,80,80,80,80,80,80,80,80,80,80],"card_choices":[{"not_picked":["Havoc","Heavy Blade"],"picked":"Anger","floor":1},{"not_picked":["Feel No Pain","Shrug It Off"],"picked":"Battle Trance","floor":4},{"not_picked":["Berserk","Carnage"],"picked":"Disarm","floor":6},{"not_picked":["Pummel","Seeing Red"],"picked":"Pommel Strike","floor":7},{"not_picked":["Sword Boomerang","Ghostly Armor"],"picked":"Flame Barrier","floor":11},{"not_picked":["Hemokinesis","Flex","Dual Wield"],"picked":"SKIP","floor":13},{"not_picked":["Twin Strike","Bloodletting","Flex"],"picked":"SKIP","floor":14},{"not_picked":["Barricade","Juggernaut"],"picked":"Immolate","floor":16},{"not_picked":["Fire Breathing","Reckless Charge+1"],"picked":"Inflame","floor":18},{"not_picked":["Thunderclap","Pommel Strike"],"picked":"Shrug It Off","floor":20},{"not_picked":["Second Wind","Burning Pact"],"picked":"Clothesline+1","floor":21},{"not_picked":["Entrench","Flex"],"picked":"Flame Barrier","floor":23},{"not_picked":["Flex","Cleave","Pommel Strike"],"picked":"SKIP","floor":25},{"not_picked":["Flex","Body Slam+1","Twin Strike"],"picked":"SKIP","floor":27},{"not_picked":["Wild Strike","Ghostly Armor","Body Slam"],"picked":"SKIP","floor":30},{"not_picked":["Carnage","Wild Strike"],"picked":"Rupture","floor":31}],"player_experience":6088916,"relics_obtained":[{"floor":6,"key":"Sundial"},{"floor":9,"key":"Gremlin Horn"},{"floor":11,"key":"The Courier"},{"floor":13,"key":"Blood Vial"},{"floor":23,"key":"Matryoshka"},{"floor":25,"key":"Old Coin"},{"floor":26,"key":"Bottled Lightning"},{"floor":26,"key":"Calipers"},{"floor":30,"key":"Omamori"}],"event_choices":[{"damage_healed":0,"gold_gain":0,"player_choice":"Upgraded","damage_taken":0,"max_hp_gain":0,"max_hp_loss":0,"event_name":"Upgrade Shrine","floor":3,"gold_loss":0,"cards_upgraded":["Bash"]},{"damage_healed":0,"gold_gain":0,"player_choice":"Became a vampire (Vial)","damage_taken":0,"max_hp_gain":0,"max_hp_loss":0,"event_name":"Vampires","floor":19,"relics_lost":["Blood Vial"],"gold_loss":0,"cards_obtained":["Bite","Bite","Bite","Bite","Bite"]},{"damage_healed":0,"gold_gain":100,"player_choice":"Bet on Murderer","damage_taken":0,"max_hp_gain":0,"max_hp_loss":0,"event_name":"The Joust","floor":22,"gold_loss":50},{"cards_removed":["Clumsy"],"damage_healed":0,"gold_gain":0,"player_choice":"Removed Curses","damage_taken":0,"max_hp_gain":0,"max_hp_loss":0,"event_name":"Fountain of Cleansing","floor":28,"gold_loss":0}],"is_beta":true,"boss_relics":[{"not_picked":["Eternal Feather","Sozu"],"picked":"Cursed Key"}],"items_purged_floors":[2,12],"is_endless":false,"potions_floor_spawned":[6,7,11,14,18,20,21,31],"killed_by":"Automaton","ascension_level":20}