{"gold_per_floor":[217,62,62,73,73,99,99,99,99,133,133,151,151,178,178,251,251,268,268,268,281,296,325,325,353,353,353,388,388,415,432,432,510,510,522,522,622,622,670,697,697,363,363,392,392,402,436,449,449,449,449,449,449,1,35,35],"floor_reached":57,"playtime":3823,"items_purged":["Strike_R","Strike_R"],"score":3220,"play_id":"112edc0f-f9eb-44b2-a101-d7fe220249cd","local_time":"20190502233832","is_ascension_mode":true,"campfire_choices":[{"data":"Armaments","floor":7,"key":"SMITH"},{"floor":11,"key":"REST"},{"data":"Combust","floor":15,"key":"SMITH"},{"floor":24,"key":"REST"},{"floor":27,"key":"REST"},{"data":"Demon Form","floor":29,"key":"SMITH"},{"data":"Strike_R","floor":32,"key":"PURGE"},{"data":"Disarm","floor":45,"key":"SMITH"},{"floor":49,"key":"RECALL"},{"data":"Battle Trance","floor":53,"key":"SMITH"}],"neow_cost":"NONE","seed_source_timestamp":220554104342336,"circlet_count":0,"master_deck":["AscendersBane","Defend_R","Defend_R","Defend_R","Defend_R","Bash","Battle Trance","Spot Weakness","Armaments+1","Second Wind","Demon Form+1","Combust+1","Fiend Fire+1","Inflame","Thunderclap+1","Metallicize","Ghostly Armor","Sword Boomerang+1","Shockwave","Offering","Battle Trance+1","True Grit","Dark Shackles","Disarm+1","Reaper","Inflame","Feed","Intimidate","Inflame","Reaper"],"relics":["Burning Blood","Torii","Dead Branch","Mummified Hand","Peace Pipe","Blood Vial","Ancient Tea Set","Black Star","Enchiridion","Juzu Bracelet","Gremlin Horn","Gambling Chip","Ice Cream","Meat on the Bone","Ginger","Strawberry","Empty Cage","Unceasing Top","FossilizedHelix","Lantern","The Courier","Boot","Red Skull","Dream Catcher","Regal Pillow","Happy Flower","Self Forming Clay","ClockworkSouvenir","Calipers","Orichalcum"],"potions_floor_usage":[23,25,25,40,44,56,56],"damage_taken":[{"damage":1,"enemies":"Cultist","floor":1,"turns":3},{"damage":1,"enemies":"Jaw Worm","floor":4,"turns":3},{"damage":24,"enemies":"3 Sentries","floor":6,"turns":9},{"damage":29,"enemies":"Gremlin Nob","floor":10,"turns":4},{"damage":1,"enemies":"Small Slimes","floor":12,"turns":5},{"damage":6,"enemies":"Lagavulin","floor":14,"turns":7},{"damage":28,"enemies":"Slime Boss","floor":16,"turns":7},{"damage":8,"enemies":"Chosen","floor":18,"turns":4},{"damage":8,"enemies":"Spheric Guardian","floor":21,"turns":3},{"damage":15,"enemies":"Centurion and Healer","floor":22,"turns":6},{"damage":9,"enemies":"Gremlin Leader","floor":23,"turns":5},{"damage":40,"enemies":"Book of Stabbing","floor":25,"turns":4},{"damage":1,"enemies":"Gremlin Leader","floor":28,"turns":3},{"damage":0,"enemies":"Snake Plant","floor":31,"turns":2},{"damage":21,"enemies":"Automaton","floor":33,"turns":5},{"damage":6,"enemies":"Orb Walker","floor":35,"turns":2},{"damage":16,"enemies":"Mind Bloom Boss Battle","floor":37,"turns":4},{"damage":15,"enemies":"2 Orb Walkers","floor":39,"turns":2},{"damage":20,"enemies":"Giant Head","floor":40,"turns":7},{"damage":6,"enemies":"Nemesis","floor":44,"turns":5},{"damage":0,"enemies":"3 Darklings","floor":46,"turns":8},{"damage":6,"enemies":"Reptomancer","floor":47,"turns":2},{"damage":21,"enemies":"4 Shapes","floor":48,"turns":3},{"damage":1,"enemies":"Awakened One","floor":50,"turns":2},{"damage":23,"enemies":"Time Eater","floor":51,"turns":8},{"damage":29,"enemies":"Shield and Spear","floor":55,"turns":5},{"damage":127,"enemies":"The Heart","floor":56,"turns":9}],"seed_played":"-1808276680110650765","potions_obtained":[{"floor":1,"key":"SteroidPotion"},{"floor":10,"key":"Strength Potion"},{"floor":23,"key":"Strength Potion"},{"floor":25,"key":"Block Potion"},{"floor":35,"key":"FearPotion"},{"floor":37,"key":"EssenceOfSteel"},{"floor":40,"key":"SkillPotion"},{"floor":46,"key":"BloodPotion"}],"is_trial":false,"path_per_floor":["M","$","?","M","?","E","R","T","T","E","R","M","?","E","R","B",null,"M","?","?","M","M","E","R","E","T","R","E","R","T","M","R","B",null,"M","?","?","?","?","E","?","$","T","E","R","M","E","M","R","B","B",null,"R","$","E","B",null],"character_chosen":"IRONCLAD","items_purchased":["Spot Weakness","Reaper","Inflame","PowerPotion","Inflame","Self Forming Clay","ClockworkSouvenir"],"campfire_rested":3,"item_purchase_floors":[2,42,42,42,54,54,54],"current_hp_per_floor":[73,73,62,67,67,49,49,49,49,26,48,55,55,57,57,37,66,66,45,45,45,38,37,59,27,27,49,56,56,63,71,71,58,76,78,78,68,58,51,51,51,51,51,53,53,81,85,88,88,91,91,91,91,91,68,36],"gold":35,"neow_bonus":"HUNDRED_GOLD","is_prod":false,"is_daily":false,"chose_seed":false,"campfire_upgraded":5,"win_rate":0,"timestamp":1556865512,"path_taken":["M","$","?","M","?","E","R","?","T","E","R","?","?","E","R","BOSS","M","?","?","?","M","E","R","E","T","R","E","R","?","M","R","BOSS","M","?","?","?","?","E","?","$","T","E","R","M","E","M","R","BOSS","BOSS","R","$","E","BOSS"],"build_version":"2019-04-23","purchased_purges":2,"victory":true,"max_hp_per_floor":[75,75,75,75,75,75,75,75,75,75,75,75,75,75,75,75,75,75,75,75,75,75,75,75,75,75,75,75,75,82,82,82,82,82,82,78,78,78,78,78,78,78,78,78,78,81,85,88,88,91,91,91,91,91,91,91],"card_choices":[{"not_picked":["Havoc","Perfected Strike"],"picked":"Battle Trance","floor":1},{"not_picked":["Wild Strike","Sentinel"],"picked":"Armaments","floor":4},{"not_picked":["Dual Wield","Wild Strike"],"picked":"Second Wind","floor":6},{"not_picked":["Armaments","Twin Strike"],"picked":"Demon Form","floor":10},{"not_picked":["Pommel Strike","Warcry","Flex"],"picked":"SKIP","floor":12},{"not_picked":["Rage","Heavy Blade"],"picked":"Combust","floor":14},{"not_picked":["Exhume","Dark Embrace"],"picked":"Fiend Fire","floor":16},{"not_picked":["Clothesline","Armaments"],"picked":"Inflame","floor":18},{"not_picked":["Entrench","Blood for Blood"],"picked":"Thunderclap+1","floor":21},{"not_picked":["Sentinel","Pommel Strike"],"picked":"Metallicize","floor":22},{"not_picked":["Bloodletting","Body Slam"],"picked":"Ghostly Armor","floor":23},{"not_picked":["Armaments","Spot Weakness"],"picked":"Sword Boomerang+1","floor":25},{"not_picked":["Exhume","Heavy Blade"],"picked":"Shrug It Off+1","floor":28},{"not_picked":["Thunderclap","Pummel"],"picked":"Shockwave","floor":31},{"not_picked":["Brutality","Impervious"],"picked":"Offering","floor":33},{"not_picked":["Rage+1","True Grit"],"picked":"Battle Trance","floor":35},{"not_picked":["Iron Wave","Flex"],"picked":"True Grit","floor":37},{"not_picked":["Jack Of All Trades","Enlightenment"],"picked":"Dark Shackles","floor":38},{"not_picked":["Flame Barrier","Flex+1"],"picked":"Disarm","floor":40},{"not_picked":["Cleave","Reckless Charge"],"picked":"Feed","floor":44},{"not_picked":["Cleave","Clothesline","Anger"],"picked":"SKIP","floor":46},{"not_picked":["Flex+1","Heavy Blade","Pommel Strike+1"],"picked":"SKIP","floor":47},{"not_picked":["Iron Wave","Body Slam"],"picked":"Intimidate","floor":48},{"not_picked":["Pommel Strike","Body Slam"],"picked":"Reaper","floor":55}],"player_experience":6075193,"relics_obtained":[{"floor":6,"key":"Dead Branch"},{"floor":8,"key":"Mummified Hand"},{"floor":9,"key":"Peace Pipe"},{"floor":10,"key":"Blood Vial"},{"floor":14,"key":"Ancient Tea Set"},{"floor":19,"key":"Enchiridion"},{"floor":23,"key":"Juzu Bracelet"},{"floor":23,"key":"Gremlin Horn"},{"floor":25,"key":"Gambling Chip"},{"floor":25,"key":"Ice Cream"},{"floor":28,"key":"Meat on the Bone"},{"floor":28,"key":"Ginger"},{"floor":30,"key":"Strawberry"},{"floor":37,"key":"Unceasing Top"},{"floor":39,"key":"FossilizedHelix"},{"floor":40,"key":"Lantern"},{"floor":40,"key":"The Courier"},{"floor":43,"key":"Boot"},{"floor":44,"key":"Red Skull"},{"floor":44,"key":"Dream Catcher"},{"floor":47,"key":"Regal Pillow"},{"floor":47,"key":"Happy Flower"},{"floor":55,"key":"Calipers"},{"floor":55,"key":"Orichalcum"}],"event_choices":[{"damage_healed":0,"gold_gain":0,"player_choice":"Success","damage_taken":11,"relics_obtained":["Torii"],"max_hp_gain":0,"max_hp_loss":0,"event_name":"Scrap Ooze","floor":3,"gold_loss":0},{"damage_healed":0,"gold_gain":0,"player_choice":"Leave","damage_taken":0,"max_hp_gain":0,"max_hp_loss":0,"event_name":"The Cleric","floor":5,"gold_loss":0},{"damage_healed":0,"gold_gain":0,"player_choice":"Ignored","damage_taken":0,"max_hp_gain":0,"max_hp_loss":0,"event_name":"Liars Game","floor":13,"gold_loss":0},{"damage_healed":0,"gold_gain":0,"player_choice":"Obtained Book","damage_taken":21,"max_hp_gain":0,"max_hp_loss":0,"event_name":"Cursed Tome","floor":19,"gold_loss":0},{"damage_healed":0,"gold_gain":0,"player_choice":"Upgraded","damage_taken":0,"max_hp_gain":0,"max_hp_loss":0,"event_name":"Upgrade Shrine","floor":20,"gold_loss":0,"cards_upgraded":["Fiend Fire"]},{"damage_healed":0,"gold_gain":0,"player_choice":"Max HP","damage_taken":0,"max_hp_gain":0,"max_hp_loss":4,"event_name":"Winding Halls","floor":36,"gold_loss":0},{"damage_healed":0,"gold_gain":0,"player_choice":"Fight","damage_taken":0,"max_hp_gain":0,"max_hp_loss":0,"event_name":"MindBloom","floor":37,"gold_loss":0},{"damage_healed":0,"gold_gain":0,"player_choice":"Memory 3","damage_taken":10,"max_hp_gain":0,"max_hp_loss":0,"event_name":"SensoryStone","floor":38,"gold_loss":0},{"damage_healed":0,"gold_gain":0,"player_choice":"Fight","damage_taken":0,"max_hp_gain":0,"max_hp_loss":0,"event_name":"Mysterious Sphere","floor":39,"gold_loss":0},{"cards_removed":["Shrug It Off"],"damage_healed":0,"gold_gain":0,"player_choice":"Removed Skill","damage_taken":0,"max_hp_gain":0,"max_hp_loss":0,"event_name":"Falling","floor":41,"gold_loss":0}],"is_beta":true,"boss_relics":[{"not_picked":["Busted Crown","Runic Pyramid"],"picked":"Black Star"},{"not_picked":["Runic Cube","White Beast Statue"],"picked":"Empty Cage"}],"items_purged_floors":[2,42],"is_endless":false,"potions_floor_spawned":[1,10,16,22,23,25,35,37,40,46],"ascension_level":20}