{"gold_per_floor":[109,120,120,120,32,32,60,60,60,71,86,112,132,161,161,161],"floor_reached":16,"playtime":1012,"items_purged":[],"score":290,"play_id":"f67d9447-73b5-407a-abd6-f12b569be2e8","local_time":"20190428174542","is_ascension_mode":true,"campfire_choices":[{"data":"Bouncing Flask","floor":6,"key":"SMITH"},{"data":"Neutralize","floor":8,"key":"SMITH"},{"data":"Skewer","floor":15,"key":"SMITH"}],"neow_cost":"NONE","seed_source_timestamp":103001839356245,"circlet_count":0,"master_deck":["AscendersBane","Defend_G","Defend_G","Defend_G+1","Defend_G","Defend_G","Strike_G+1","Strike_G","Strike_G","Strike_G","Strike_G","Survivor","Neutralize+1","Leg Sweep","Bouncing Flask+1","Dash","Backflip","Well Laid Plans","Blur","Escape Plan","Skewer+1"],"relics":["Ring of the Snake","Oddly Smooth Stone","Lantern","Centennial Puzzle","Peace Pipe","The Courier"],"potions_floor_usage":[16,16],"damage_taken":[{"damage":0,"enemies":"Jaw Worm","floor":1,"turns":5},{"damage":0,"enemies":"Small Slimes","floor":2,"turns":4},{"damage":8,"enemies":"Lagavulin","floor":7,"turns":7},{"damage":0,"enemies":"Cultist","floor":10,"turns":4},{"damage":0,"enemies":"Blue Slaver","floor":11,"turns":4},{"damage":18,"enemies":"3 Sentries","floor":12,"turns":14},{"damage":4,"enemies":"Exordium Thugs","floor":13,"turns":5},{"damage":0,"enemies":"Lagavulin","floor":14,"turns":8},{"damage":14,"enemies":"Slime Boss","floor":16,"turns":10}],"seed_played":"2524749778356505245","potions_obtained":[{"floor":1,"key":"GhostInAJar"},{"floor":7,"key":"Block Potion"},{"floor":12,"key":"Poison Potion"}],"is_trial":false,"path_per_floor":["M","M","?","?","$","R","E","R","T","M","M","E","M","E","R","B"],"character_chosen":"THE_SILENT","items_purchased":["Dash"],"campfire_rested":0,"item_purchase_floors":[5],"current_hp_per_floor":[59,59,39,39,39,39,31,31,31,31,31,13,9,9,9,0],"gold":161,"neow_bonus":"RANDOM_COMMON_RELIC","is_prod":false,"is_daily":false,"chose_seed":false,"campfire_upgraded":3,"win_rate":0,"timestamp":1556498742,"path_taken":["M","M","?","?","$","R","E","R","T","?","M","E","M","E","R","BOSS"],"build_version":"2019-04-23","purchased_purges":0,"victory":false,"max_hp_per_floor":[66,66,66,66,66,66,66,66,66,66,66,66,66,66,66,66],"card_choices":[{"not_picked":["Masterful Stab","Deadly Poison"],"picked":"Leg Sweep","floor":1},{"not_picked":["Sucker Punch","Outmaneuver"],"picked":"Bouncing Flask","floor":2},{"not_picked":["Underhanded Strike","Prepared","Bane"],"picked":"SKIP","floor":7},{"not_picked":["Bouncing Flask","Unload"],"picked":"Backflip","floor":10},{"not_picked":["Concentrate","Sucker Punch"],"picked":"Well Laid Plans","floor":11},{"not_picked":["Cloak And Dagger","Accuracy"],"picked":"Blur","floor":12},{"not_picked":["Slice","Sucker Punch"],"picked":"Escape Plan","floor":13},{"not_picked":["Deadly Poison","Tactician"],"picked":"Skewer","floor":14}],"player_experience":5934521,"relics_obtained":[{"floor":7,"key":"Lantern"},{"floor":9,"key":"Centennial Puzzle"},{"floor":12,"key":"Peace Pipe"},{"floor":14,"key":"The Courier"}],"event_choices":[{"damage_healed":0,"gold_gain":0,"player_choice":"Entered Light","damage_taken":20,"max_hp_gain":0,"max_hp_loss":0,"event_name":"Shining Light","floor":3,"gold_loss":0,"cards_upgraded":["Strike_G","Defend_G"]},{"damage_healed":0,"gold_gain":0,"player_choice":"0 cards matched","damage_taken":0,"max_hp_gain":0,"max_hp_loss":0,"event_name":"Match and Keep!","floor":4,"gold_loss":0,"cards_obtained":[]}],"is_beta":true,"boss_relics":[],"items_purged_floors":[],"is_endless":false,"potions_floor_spawned":[1,7,12,14],"killed_by":"Slime Boss","ascension_level":20}