{"gold_per_floor":[112,122,122,47,122,122,151,151,178,189,189,239,255,288,288,361,361,376,392,64,164,164,164,194,194,221,260,272,301,343,374,386,475,487,511,542,554,28,78,78,107,107,159,184,184,212,212,229,229,229,229,229,229,76,109,109],"floor_reached":56,"playtime":2608,"items_purged":["Strike_R","Strike_R"],"score":2119,"play_id":"1bc719cd-6990-4b9c-a202-f0b7f213ab0f","local_time":"20190428172838","is_ascension_mode":true,"campfire_choices":[{"data":"Fiend Fire","floor":6,"key":"SMITH"},{"floor":8,"key":"REST"},{"data":"True Grit","floor":15,"key":"SMITH"},{"floor":23,"key":"REST"},{"floor":25,"key":"DIG"},{"floor":32,"key":"DIG"},{"data":"1","floor":40,"key":"LIFT"},{"data":"2","floor":42,"key":"LIFT"},{"data":"3","floor":45,"key":"LIFT"},{"floor":47,"key":"DIG"},{"floor":49,"key":"RECALL"},{"data":"Juggernaut","floor":53,"key":"SMITH"}],"neow_cost":"PERCENT_DAMAGE","seed_source_timestamp":100380806440028,"circlet_count":0,"master_deck":["AscendersBane","Strike_R","Strike_R","Defend_R","Defend_R","Defend_R","Defend_R","Bash","Fiend Fire+1","Twin Strike","Uppercut","Combust","True Grit+1","Inflame","Exhume","Necronomicurse","Immolate","Heavy Blade+1","Shockwave","Entrench+1","Feel No Pain","Juggernaut+1","Metallicize","Corruption","Clothesline","Exhume","Demon Form"],"relics":["Burning Blood","PreservedInsect","Bag of Marbles","StoneCalendar","Sozu","Pocketwatch","Shovel","Pear","Necronomicon","Meat on the Bone","Thread and Needle","MawBank","Oddly Smooth Stone","Nunchaku","Bag of Preparation","Runic Pyramid","Vajra","Gremlin Horn","Girya","Dream Catcher","Blood Vial","Mummified Hand","FossilizedHelix","Sundial"],"potions_floor_usage":[7,56],"damage_taken":[{"damage":3,"enemies":"Small Slimes","floor":1,"turns":3},{"damage":6,"enemies":"2 Louse","floor":2,"turns":2},{"damage":17,"enemies":"3 Sentries","floor":7,"turns":6},{"damage":1,"enemies":"Cultist","floor":10,"turns":2},{"damage":4,"enemies":"2 Fungi Beasts","floor":13,"turns":3},{"damage":15,"enemies":"Lagavulin","floor":14,"turns":3},{"damage":31,"enemies":"Slime Boss","floor":16,"turns":7},{"damage":0,"enemies":"Chosen","floor":18,"turns":2},{"damage":17,"enemies":"3 Byrds","floor":19,"turns":6},{"damage":18,"enemies":"Colosseum Slavers","floor":21,"turns":4},{"damage":20,"enemies":"Colosseum Nobs","floor":21,"turns":4},{"damage":0,"enemies":"Gremlin Leader","floor":24,"turns":2},{"damage":11,"enemies":"Slavers","floor":27,"turns":2},{"damage":0,"enemies":"Sentry and Sphere","floor":29,"turns":2},{"damage":1,"enemies":"Gremlin Leader","floor":30,"turns":2},{"damage":10,"enemies":"Centurion and Healer","floor":31,"turns":3},{"damage":82,"enemies":"Automaton","floor":33,"turns":7},{"damage":1,"enemies":"3 Darklings","floor":35,"turns":4},{"damage":0,"enemies":"3 Shapes","floor":36,"turns":4},{"damage":20,"enemies":"2 Orb Walkers","floor":39,"turns":2},{"damage":4,"enemies":"Nemesis","floor":41,"turns":3},{"damage":2,"enemies":"Giant Head","floor":44,"turns":5},{"damage":0,"enemies":"Nemesis","floor":46,"turns":3},{"damage":6,"enemies":"Transient","floor":48,"turns":6},{"damage":22,"enemies":"Time Eater","floor":50,"turns":5},{"damage":59,"enemies":"Awakened One","floor":51,"turns":9},{"damage":10,"enemies":"Shield and Spear","floor":55,"turns":4},{"damage":82,"enemies":"The Heart","floor":56,"turns":3}],"seed_played":"3979053353862961308","potions_obtained":[{"floor":2,"key":"Fire Potion"},{"floor":10,"key":"Explosive Potion"},{"floor":14,"key":"FairyPotion"}],"is_trial":false,"path_per_floor":["M","M","?","$","?","R","E","R","T","M","?","?","M","E","R","B",null,"M","M","$","?","?","R","E","R","T","E","?","M","E","M","R","B",null,"M","M","?","$","?","R","E","R","T","E","R","E","R","M","R","B","B",null,"R","$","E","B"],"character_chosen":"IRONCLAD","items_purchased":["Pocketwatch","Vajra","Gremlin Horn","Exhume"],"campfire_rested":2,"item_purchase_floors":[20,38,38,54],"current_hp_per_floor":[53,53,46,46,35,35,24,46,46,51,56,48,50,41,41,16,64,70,59,59,43,22,49,55,55,55,62,62,68,73,69,69,27,74,79,85,85,85,71,71,73,73,73,77,77,85,85,87,87,73,34,76,76,76,74,0],"gold":109,"neow_bonus":"THREE_RARE_CARDS","is_prod":false,"is_daily":false,"chose_seed":false,"campfire_upgraded":3,"win_rate":0,"timestamp":1556497718,"path_taken":["M","M","?","$","?","R","E","R","T","M","?","?","M","E","R","BOSS","M","M","$","?","?","R","E","R","T","E","?","M","E","M","R","BOSS","M","M","?","$","?","R","E","R","T","E","R","E","R","M","R","BOSS","BOSS","R","$","E","BOSS"],"build_version":"2019-04-23","purchased_purges":2,"victory":false,"max_hp_per_floor":[75,75,75,75,75,75,75,75,75,75,80,80,80,80,80,80,80,80,80,80,90,90,90,90,90,90,90,90,90,90,90,90,90,90,90,90,90,90,90,90,90,90,90,90,90,90,90,90,90,90,90,90,90,90,90,90],"card_choices":[{"not_picked":["Offering","Demon Form"],"picked":"Fiend Fire","floor":0},{"not_picked":["Havoc","Blood for Blood"],"picked":"Twin Strike","floor":1},{"not_picked":["Body Slam","Bloodletting"],"picked":"Uppercut","floor":2},{"not_picked":["Intimidate","Carnage"],"picked":"Combust","floor":7},{"not_picked":["Twin Strike","Rampage","Cleave"],"picked":"SKIP","floor":10},{"not_picked":["Wild Strike","Body Slam"],"picked":"True Grit","floor":13},{"not_picked":["Clothesline","Cleave"],"picked":"Inflame","floor":14},{"not_picked":["Berserk","Bludgeon"],"picked":"Exhume","floor":16},{"not_picked":["Sword Boomerang","Body Slam+1","Wild Strike"],"picked":"SKIP","floor":18},{"not_picked":["Corruption","Evolve"],"picked":"Anger","floor":19},{"not_picked":["Burning Pact","Spot Weakness"],"picked":"Immolate","floor":24},{"not_picked":["Warcry","Clash"],"picked":"Heavy Blade+1","floor":27},{"not_picked":["Barricade","Headbutt+1"],"picked":"Entrench+1","floor":29},{"not_picked":["Anger","Headbutt","Bludgeon"],"picked":"SKIP","floor":30},{"not_picked":["Corruption","Headbutt"],"picked":"Feel No Pain","floor":31},{"not_picked":["Double Tap","Bludgeon"],"picked":"Juggernaut","floor":33},{"not_picked":["Armaments","Wild Strike"],"picked":"Metallicize","floor":35},{"not_picked":["Perfected Strike+1","Havoc","Body Slam"],"picked":"SKIP","floor":36},{"not_picked":["True Grit","Hemokinesis","Flex+1"],"picked":"SKIP","floor":41},{"not_picked":["Twin Strike","Clash","Perfected Strike"],"picked":"SKIP","floor":44},{"not_picked":["Infernal Blade","Pommel Strike"],"picked":"Corruption","floor":46},{"not_picked":["Clothesline","Clash","Combust"],"picked":"SKIP","floor":48},{"not_picked":["Clash","Combust"],"picked":"Clothesline","floor":48},{"not_picked":["Second Wind","Sever Soul"],"picked":"Demon Form","floor":55}],"player_experience":5931913,"relics_obtained":[{"floor":7,"key":"PreservedInsect"},{"floor":9,"key":"Bag of Marbles"},{"floor":14,"key":"StoneCalendar"},{"floor":21,"key":"Shovel"},{"floor":21,"key":"Pear"},{"floor":22,"key":"Necronomicon"},{"floor":24,"key":"Meat on the Bone"},{"floor":25,"key":"Thread and Needle"},{"floor":26,"key":"MawBank"},{"floor":27,"key":"Oddly Smooth Stone"},{"floor":30,"key":"Nunchaku"},{"floor":32,"key":"Bag of Preparation"},{"floor":39,"key":"Girya"},{"floor":41,"key":"Dream Catcher"},{"floor":44,"key":"Blood Vial"},{"floor":46,"key":"Mummified Hand"},{"floor":47,"key":"FossilizedHelix"},{"floor":55,"key":"Sundial"}],"event_choices":[{"cards_removed":["Strike_R"],"damage_healed":0,"gold_gain":0,"player_choice":"Card Removal","damage_taken":7,"max_hp_gain":0,"max_hp_loss":0,"event_name":"Golden Wing","floor":3,"gold_loss":0},{"damage_healed":0,"gold_gain":75,"player_choice":"Gather Gold","damage_taken":11,"max_hp_gain":0,"max_hp_loss":0,"event_name":"World of Goop","floor":5,"gold_loss":0},{"damage_healed":0,"gold_gain":0,"player_choice":"Donut","damage_taken":0,"max_hp_gain":5,"max_hp_loss":0,"event_name":"Big Fish","floor":11,"gold_loss":0},{"damage_healed":0,"gold_gain":50,"player_choice":"Touch","damage_taken":8,"max_hp_gain":0,"max_hp_loss":0,"event_name":"FaceTrader","floor":12,"gold_loss":0},{"damage_healed":0,"gold_gain":0,"player_choice":"Fight","damage_taken":0,"max_hp_gain":0,"max_hp_loss":0,"event_name":"Colosseum","floor":21,"gold_loss":0},{"damage_healed":0,"gold_gain":0,"player_choice":"Fought Nobs","damage_taken":0,"max_hp_gain":0,"max_hp_loss":0,"event_name":"Colosseum","floor":21,"gold_loss":0},{"damage_healed":0,"gold_gain":0,"player_choice":"Obtained Book","damage_taken":21,"max_hp_gain":0,"max_hp_loss":0,"event_name":"Cursed Tome","floor":22,"gold_loss":0},{"damage_healed":0,"gold_gain":0,"player_choice":"Read","damage_taken":0,"max_hp_gain":0,"max_hp_loss":0,"event_name":"The Library","floor":28,"gold_loss":0,"cards_obtained":["Shockwave"]},{"cards_removed":["Anger"],"damage_healed":0,"gold_gain":0,"player_choice":"Removed Attack","damage_taken":0,"max_hp_gain":0,"max_hp_loss":0,"event_name":"Falling","floor":37,"gold_loss":0},{"damage_healed":0,"gold_gain":0,"player_choice":"Fight","damage_taken":0,"max_hp_gain":0,"max_hp_loss":0,"event_name":"Mysterious Sphere","floor":39,"gold_loss":0}],"is_beta":true,"boss_relics":[{"not_picked":["Lizard Tail","Runic Dome"],"picked":"Sozu"},{"not_picked":["Calling Bell","Busted Crown"],"picked":"Runic Pyramid"}],"items_purged_floors":[4,38],"is_endless":false,"potions_floor_spawned":[2,10,14,24,27,30,31,35,44,48],"killed_by":"The Heart","ascension_level":20}