{"gold_per_floor":[109,10,10,27,27,57,57,72,72,103,6,16,16,16],"floor_reached":14,"playtime":706,"items_purged":["Strike_G"],"score":196,"play_id":"fd9d1d3b-0eef-4955-98f5-5270e377a466","local_time":"20190424150928","is_ascension_mode":true,"campfire_choices":[{"floor":7,"key":"REST"},{"floor":13,"key":"REST"}],"neow_cost":"PERCENT_DAMAGE","seed_source_timestamp":183504555398979,"circlet_count":0,"master_deck":["AscendersBane","Defend_G","Defend_G","Defend_G","Defend_G","Defend_G","Strike_G","Strike_G","Strike_G","Strike_G","Survivor","Neutralize","Quick Slash","Deadly Poison","Dagger Throw","Dagger Throw","Dodge and Roll","Footwork","Escape Plan"],"relics":["Ring of the Snake","Letter Opener","Calipers","Matryoshka","FossilizedHelix"],"potions_floor_usage":[10,14],"damage_taken":[{"damage":0,"enemies":"Small Slimes","floor":1,"turns":4},{"damage":1,"enemies":"Cultist","floor":4,"turns":4},{"damage":52,"enemies":"3 Sentries","floor":6,"turns":15},{"damage":2,"enemies":"2 Louse","floor":8,"turns":2},{"damage":30,"enemies":"Lagavulin","floor":10,"turns":7},{"damage":12,"enemies":"Exordium Thugs","floor":12,"turns":5},{"damage":28,"enemies":"Gremlin Nob","floor":14,"turns":3}],"seed_played":"6095246708347022770","potions_obtained":[{"floor":6,"key":"Weak Potion"}],"is_trial":false,"path_per_floor":["M","$","?","M","?","E","R","M","T","E","$","M","R","E"],"character_chosen":"THE_SILENT","items_purchased":["Deadly Poison","Footwork","Poison Potion"],"campfire_rested":2,"item_purchase_floors":[2,11,11],"current_hp_per_floor":[56,56,51,50,78,26,49,47,47,17,17,5,28,0],"gold":16,"neow_bonus":"TWENTY_PERCENT_HP_BONUS","is_prod":false,"is_daily":false,"chose_seed":false,"campfire_upgraded":0,"win_rate":0,"timestamp":1556143768,"path_taken":["M","$","?","M","?","E","R","?","T","E","$","M","R","E"],"build_version":"2019-04-23","purchased_purges":1,"victory":false,"max_hp_per_floor":[78,78,78,78,78,78,78,78,78,78,78,78,78,78],"card_choices":[{"not_picked":["Backflip","Slice"],"picked":"Quick Slash","floor":1},{"not_picked":["Sucker Punch","Accuracy"],"picked":"Dagger Throw","floor":4},{"not_picked":["All Out Attack","Choke"],"picked":"Dagger Throw","floor":6},{"not_picked":["Expertise","Dagger Throw","Acrobatics"],"picked":"SKIP","floor":8},{"not_picked":["Acrobatics","Grand Finale"],"picked":"Dodge and Roll","floor":10},{"not_picked":["PiercingWail","Dagger Spray"],"picked":"Escape Plan","floor":12}],"player_experience":5819480,"relics_obtained":[{"floor":6,"key":"Calipers"},{"floor":9,"key":"Matryoshka"},{"floor":10,"key":"FossilizedHelix"}],"event_choices":[{"damage_healed":0,"gold_gain":0,"player_choice":"Success","damage_taken":5,"relics_obtained":["Letter Opener"],"max_hp_gain":0,"max_hp_loss":0,"event_name":"Scrap Ooze","floor":3,"gold_loss":0},{"damage_healed":28,"gold_gain":0,"player_choice":"Full Heal","damage_taken":0,"max_hp_gain":0,"max_hp_loss":0,"event_name":"Wheel of Change","floor":5,"gold_loss":0}],"is_beta":true,"boss_relics":[],"items_purged_floors":[2],"is_endless":false,"potions_floor_spawned":[6],"killed_by":"Gremlin Nob","ascension_level":20}