{"gold_per_floor":[164,176,176,176,187,187,14,14,14,45,19,51,69,69,69,141,141,158,168,168,188,113,113,142,157,157,157,157,488,502,520,520,597,597,616,616,616,716,736,766,766,766],"floor_reached":42,"playtime":3073,"items_purged":["Strike_B"],"score":1098,"play_id":"b083c700-272f-4993-b303-eaa95c65c747","local_time":"20190426121510","is_ascension_mode":true,"campfire_choices":[{"data":"Defragment","floor":6,"key":"SMITH"},{"data":"Zap","floor":8,"key":"SMITH"},{"data":"Coolheaded","floor":15,"key":"SMITH"},{"data":"Defragment","floor":23,"key":"SMITH"},{"floor":28,"key":"REST"},{"data":"Coolheaded","floor":32,"key":"SMITH"},{"data":"Strike_B+1","floor":41,"key":"PURGE"}],"neow_cost":"NONE","seed_source_timestamp":343479049867943,"circlet_count":0,"master_deck":["AscendersBane","Defend_B","Defend_B","Zap+1","Dualcast","Coolheaded+1","Defragment+1","Ball Lightning","Genetic Algorithm","Rainbow","Ball Lightning","Coolheaded+1","Static Discharge","Capacitor+1","Defragment+1","BootSequence","Blizzard","Core Surge","BootSequence+1","Rainbow+1","Glacier+1","Steam Power+1","Coolheaded+1"],"relics":["Tiny House","Bronze Scales","Shovel","Gremlin Horn","Singing Bowl","Velvet Choker","Strawberry","Cables","Pear","Old Coin","Astrolabe","Peace Pipe","Centennial Puzzle"],"potions_floor_usage":[24,24,29,33,40],"damage_taken":[{"damage":7,"enemies":"Small Slimes","floor":1,"turns":4},{"damage":9,"enemies":"2 Louse","floor":2,"turns":4},{"damage":0,"enemies":"Cultist","floor":5,"turns":3},{"damage":5,"enemies":"Lagavulin","floor":10,"turns":6},{"damage":11,"enemies":"Gremlin Nob","floor":12,"turns":3},{"damage":0,"enemies":"Exordium Thugs","floor":13,"turns":4},{"damage":31,"enemies":"The Guardian","floor":16,"turns":9},{"damage":15,"enemies":"3 Byrds","floor":18,"turns":3},{"damage":4,"enemies":"Spheric Guardian","floor":19,"turns":4},{"damage":8,"enemies":"Centurion and Healer","floor":21,"turns":6},{"damage":18,"enemies":"Slavers","floor":24,"turns":5},{"damage":9,"enemies":"Snake Plant","floor":25,"turns":3},{"damage":0,"enemies":"Gremlin Leader","floor":29,"turns":7},{"damage":17,"enemies":"Cultist and Chosen","floor":30,"turns":6},{"damage":18,"enemies":"Shelled Parasite and Fungi","floor":31,"turns":5},{"damage":12,"enemies":"Champ","floor":33,"turns":19},{"damage":3,"enemies":"Orb Walker","floor":35,"turns":4},{"damage":26,"enemies":"Mind Bloom Boss Battle","floor":38,"turns":7},{"damage":3,"enemies":"3 Shapes","floor":39,"turns":5},{"damage":29,"enemies":"Reptomancer","floor":40,"turns":6},{"damage":35,"enemies":"Giant Head","floor":42,"turns":10}],"seed_played":"1704504947820853654","potions_obtained":[{"floor":0,"key":"FairyPotion"},{"floor":4,"key":"Weak Potion"},{"floor":18,"key":"Explosive Potion"},{"floor":24,"key":"SteroidPotion"},{"floor":25,"key":"EssenceOfSteel"},{"floor":30,"key":"Weak Potion"},{"floor":33,"key":"SpeedPotion"}],"is_trial":false,"path_per_floor":["M","M","?","?","M","R","$","R","T","E","$","E","M","?","R","B",null,"M","M","?","M","$","R","E","M","T","T","R","E","M","M","R","B",null,"M","?","?","?","M","E","R","E"],"character_chosen":"DEFECT","items_purchased":["Bronze Scales","Ball Lightning"],"campfire_rested":1,"item_purchase_floors":[7,11],"current_hp_per_floor":[62,53,58,58,58,58,58,58,58,53,53,42,42,42,42,13,66,51,49,49,41,41,41,32,25,25,35,66,68,51,35,35,23,88,87,87,87,61,60,31,31,0],"gold":766,"neow_bonus":"BOSS_RELIC","is_prod":false,"is_daily":false,"chose_seed":false,"campfire_upgraded":5,"win_rate":0,"timestamp":1556306110,"path_taken":["M","M","?","?","?","R","?","R","T","E","$","E","M","?","R","BOSS","M","?","?","M","$","R","E","M","T","?","R","E","M","M","R","BOSS","M","?","?","?","M","E","R","E"],"build_version":"2019-04-23","purchased_purges":1,"victory":false,"max_hp_per_floor":[76,76,81,81,81,81,81,81,81,81,81,81,81,81,81,83,83,83,85,85,85,85,85,94,96,96,106,106,108,108,110,110,110,110,112,112,106,106,108,108,108,108],"card_choices":[{"not_picked":["Leap","Conserve Battery"],"picked":"Coolheaded","floor":0},{"not_picked":["Ball Lightning","Rebound"],"picked":"Defragment","floor":1},{"not_picked":["Stack","Scrape"],"picked":"Ball Lightning","floor":2},{"not_picked":["Conserve Battery","Fusion"],"picked":"Genetic Algorithm","floor":5},{"not_picked":["Steam","Rip and Tear"],"picked":"Rainbow","floor":10},{"not_picked":["Melter","Fusion"],"picked":"Coolheaded","floor":12},{"not_picked":["Stack","Conserve Battery"],"picked":"Static Discharge","floor":13},{"not_picked":["Meteor Strike","Buffer","Amplify"],"picked":"Singing Bowl","floor":16},{"not_picked":["Gash","Turbo+1"],"picked":"Capacitor+1","floor":18},{"not_picked":["Lockon","Turbo","Storm+1"],"picked":"Singing Bowl","floor":19},{"not_picked":["Storm","Auto Shields"],"picked":"BootSequence","floor":21},{"not_picked":["Hello World","Rip and Tear","Undo"],"picked":"Singing Bowl","floor":24},{"not_picked":["Barrage","Leap","Cold Snap"],"picked":"Singing Bowl","floor":25},{"not_picked":["Conserve Battery","Scrape","Go for the Eyes"],"picked":"Singing Bowl","floor":29},{"not_picked":["Turbo","Leap"],"picked":"Blizzard","floor":30},{"not_picked":["FTL","Gash","Leap"],"picked":"Singing Bowl","floor":31},{"not_picked":["Hyperbeam","Buffer"],"picked":"Core Surge","floor":33},{"not_picked":["Barrage","Reinforced Body","Steam"],"picked":"Singing Bowl","floor":35},{"not_picked":["Gash","Beam Cell"],"picked":"Steam Power+1","floor":38},{"not_picked":["Steam","Rebound","Skim"],"picked":"Singing Bowl","floor":39},{"not_picked":["Gash","Meteor Strike"],"picked":"Coolheaded+1","floor":40}],"player_experience":5869478,"relics_obtained":[{"floor":9,"key":"Shovel"},{"floor":10,"key":"Gremlin Horn"},{"floor":12,"key":"Singing Bowl"},{"floor":24,"key":"Strawberry"},{"floor":26,"key":"Cables"},{"floor":27,"key":"Pear"},{"floor":29,"key":"Old Coin"},{"floor":38,"key":"Peace Pipe"},{"floor":40,"key":"Centennial Puzzle"}],"event_choices":[{"damage_healed":0,"gold_gain":0,"player_choice":"Donut","damage_taken":0,"max_hp_gain":5,"max_hp_loss":0,"event_name":"Big Fish","floor":3,"gold_loss":0},{"damage_healed":0,"gold_gain":0,"player_choice":"Got Potions","damage_taken":0,"max_hp_gain":0,"max_hp_loss":0,"event_name":"Lab","floor":4,"gold_loss":0},{"cards_removed":["Strike_B"],"damage_healed":0,"gold_gain":0,"player_choice":"Offered Basic","damage_taken":0,"max_hp_gain":0,"max_hp_loss":0,"event_name":"Bonfire Elementals","floor":14,"gold_loss":0},{"damage_healed":0,"gold_gain":0,"player_choice":"Read","damage_taken":0,"max_hp_gain":0,"max_hp_loss":0,"event_name":"The Library","floor":20,"gold_loss":0,"cards_obtained":["Defragment"]},{"damage_healed":0,"gold_gain":0,"player_choice":"Ignored","damage_taken":0,"max_hp_gain":0,"max_hp_loss":0,"event_name":"Tomb of Lord Red Mask","floor":36,"gold_loss":0},{"damage_healed":0,"gold_gain":0,"player_choice":"Max HP","damage_taken":0,"max_hp_gain":0,"max_hp_loss":6,"event_name":"Winding Halls","floor":37,"gold_loss":0},{"damage_healed":0,"gold_gain":0,"player_choice":"Fight","damage_taken":0,"max_hp_gain":0,"max_hp_loss":0,"event_name":"MindBloom","floor":38,"gold_loss":0}],"is_beta":true,"boss_relics":[{"not_picked":["Runic Dome","Calling Bell"],"picked":"Velvet Choker"},{"not_picked":["Sozu","Pandora\u0027s Box"],"picked":"Astrolabe"}],"items_purged_floors":[22],"is_endless":false,"potions_floor_spawned":[16,18,24,25,30,33,35,38],"killed_by":"Giant Head","ascension_level":20}