{"gold_per_floor":[109,121,121,137,137,137,137,169,169,183,211,224,224,259,259,330,330,345,345,179,193,205,231,231,257,339,339,372,97,97,128,128,205,205,219,219,229,229,239,274,274,308,308,308,333,348,238,257,257,257,257,257,257,18,50,50],"floor_reached":57,"playtime":5382,"items_purged":[],"score":3022,"play_id":"abc4bf73-73e6-41a1-aabd-7e8d8d5ca2be","local_time":"20190502170906","is_ascension_mode":true,"campfire_choices":[{"data":"Strike_G","floor":6,"key":"SMITH"},{"data":"Poisoned Stab","floor":13,"key":"SMITH"},{"data":"Caltrops","floor":15,"key":"SMITH"},{"floor":24,"key":"REST"},{"data":"A Thousand Cuts","floor":27,"key":"SMITH"},{"data":"Well Laid Plans","floor":30,"key":"SMITH"},{"data":"Footwork","floor":32,"key":"SMITH"},{"floor":41,"key":"REST"},{"floor":44,"key":"RECALL"},{"floor":49,"key":"REST"},{"floor":53,"key":"REST"}],"neow_cost":"NONE","seed_source_timestamp":195619179467378,"circlet_count":0,"master_deck":["AscendersBane","Defend_G","Defend_G","Defend_G","Defend_G+1","Defend_G","Strike_G+1","Survivor","Neutralize+1","Well Laid Plans+1","Leg Sweep+1","Dash+1","PiercingWail","Poisoned Stab+1","PiercingWail+1","Caltrops+1","A Thousand Cuts+1","Terror+1","Corpse Explosion+1","Heel Hook+1","Crippling Poison","Blur","Footwork+1","PiercingWail","Deadly Poison","Malaise+1","Blade Dance+1","Deflect+1","PiercingWail","Caltrops","Footwork","Backflip","Finesse"],"relics":["Ring of the Snake","PreservedInsect","Ninja Scroll","Matryoshka","Regal Pillow","War Paint","Astrolabe","Anchor","Darkstone Periapt","Pear","Tiny Chest","Oddly Smooth Stone","Gambling Chip","Lee\u0027s Waffle","Pen Nib","Philosopher\u0027s Stone","WarpedTongs","The Specimen","Blue Candle","Gremlin Horn","Whetstone","Bronze Scales"],"potions_floor_usage":[11,23,25,33,33,55,56,56],"damage_taken":[{"damage":2,"enemies":"Jaw Worm","floor":1,"turns":6},{"damage":4,"enemies":"Small Slimes","floor":2,"turns":5},{"damage":3,"enemies":"Cultist","floor":4,"turns":6},{"damage":5,"enemies":"3 Sentries","floor":8,"turns":9},{"damage":1,"enemies":"Exordium Thugs","floor":10,"turns":6},{"damage":9,"enemies":"Gremlin Nob","floor":11,"turns":5},{"damage":0,"enemies":"Lots of Slimes","floor":12,"turns":5},{"damage":0,"enemies":"3 Sentries","floor":14,"turns":6},{"damage":0,"enemies":"Hexaghost","floor":16,"turns":11},{"damage":5,"enemies":"Spheric Guardian","floor":18,"turns":7},{"damage":18,"enemies":"Shell Parasite","floor":21,"turns":5},{"damage":15,"enemies":"Centurion and Healer","floor":22,"turns":7},{"damage":4,"enemies":"Gremlin Leader","floor":23,"turns":4},{"damage":5,"enemies":"Slavers","floor":25,"turns":3},{"damage":17,"enemies":"Gremlin Leader","floor":28,"turns":5},{"damage":19,"enemies":"Book of Stabbing","floor":31,"turns":5},{"damage":29,"enemies":"Champ","floor":33,"turns":16},{"damage":0,"enemies":"Orb Walker","floor":35,"turns":4},{"damage":0,"enemies":"3 Shapes","floor":37,"turns":1},{"damage":8,"enemies":"Maw","floor":39,"turns":8},{"damage":47,"enemies":"Nemesis","floor":40,"turns":11},{"damage":10,"enemies":"Reptomancer","floor":42,"turns":4},{"damage":7,"enemies":"Giant Head","floor":45,"turns":9},{"damage":0,"enemies":"3 Darklings","floor":46,"turns":2},{"damage":21,"enemies":"Transient","floor":48,"turns":6},{"damage":52,"enemies":"Donu and Deca","floor":50,"turns":9},{"damage":12,"enemies":"Awakened One","floor":51,"turns":20},{"damage":63,"enemies":"Shield and Spear","floor":55,"turns":11},{"damage":14,"enemies":"The Heart","floor":56,"turns":10}],"seed_played":"-3537796085764620077","potions_obtained":[{"floor":1,"key":"Ancient Potion"},{"floor":10,"key":"Ancient Potion"},{"floor":12,"key":"SpeedPotion"},{"floor":14,"key":"SteroidPotion"},{"floor":18,"key":"Fire Potion"},{"floor":23,"key":"Strength Potion"},{"floor":28,"key":"Swift Potion"},{"floor":37,"key":"Strength Potion"},{"floor":40,"key":"PowerPotion"},{"floor":42,"key":"Ancient Potion"},{"floor":55,"key":"PowerPotion"}],"is_trial":false,"path_per_floor":["M","M","?","M","?","R","?","E","T","M","E","M","R","E","R","B",null,"M","?","$","M","M","E","R","E","T","R","E","$","R","E","R","B",null,"M","?","M","?","M","E","R","E","T","R","E","M","?","M","R","B","B",null,"R","$","E","B",null],"character_chosen":"THE_SILENT","items_purchased":["Anchor","PowerPotion","Lee\u0027s Waffle","Footwork","Backflip","Finesse"],"campfire_rested":4,"item_purchase_floors":[20,29,29,54,54,54],"current_hp_per_floor":[57,53,46,43,43,43,43,38,38,37,28,28,28,28,28,28,57,52,48,48,30,15,11,45,50,50,50,33,83,83,64,64,35,71,71,71,71,77,69,22,63,53,53,53,46,46,46,25,66,14,2,67,89,89,26,12],"gold":50,"neow_bonus":"RANDOM_COMMON_RELIC","is_prod":false,"is_daily":false,"chose_seed":false,"campfire_upgraded":6,"win_rate":0,"timestamp":1556842146,"path_taken":["M","M","?","M","?","R","?","E","T","M","E","?","R","E","R","BOSS","M","?","$","?","M","E","R","E","T","R","E","$","R","E","R","BOSS","M","?","?","?","?","E","R","E","T","R","E","M","?","M","R","BOSS","BOSS","R","$","E","BOSS"],"build_version":"2019-04-23","purchased_purges":0,"victory":true,"max_hp_per_floor":[66,66,66,66,66,66,66,66,66,66,66,66,66,66,66,66,66,66,66,66,66,66,66,66,76,76,76,76,83,83,83,83,83,83,83,83,83,89,89,89,89,89,89,89,89,89,89,89,89,89,89,89,89,89,89,89],"card_choices":[{"not_picked":["Catalyst","Backflip"],"picked":"Well Laid Plans","floor":1},{"not_picked":["Outmaneuver","Bane"],"picked":"Leg Sweep","floor":2},{"not_picked":["Well Laid Plans","Cloak And Dagger"],"picked":"Dash","floor":4},{"not_picked":["Underhanded Strike","Bane"],"picked":"PiercingWail","floor":8},{"not_picked":["Bane","Deflect","Outmaneuver"],"picked":"SKIP","floor":10},{"not_picked":["Distraction","Endless Agony"],"picked":"Poisoned Stab","floor":11},{"not_picked":["Sucker Punch","Underhanded Strike"],"picked":"PiercingWail","floor":12},{"not_picked":["Bane","Dodge and Roll"],"picked":"Caltrops","floor":14},{"not_picked":["Envenom","Bullet Time"],"picked":"A Thousand Cuts","floor":16},{"not_picked":["Poisoned Stab+1","Finisher+1"],"picked":"Crippling Poison","floor":18},{"not_picked":["Dash","Underhanded Strike+1","Acrobatics"],"picked":"SKIP","floor":21},{"not_picked":["Blade Dance","Finisher"],"picked":"Blur","floor":22},{"not_picked":["Setup","Malaise"],"picked":"Footwork","floor":23},{"not_picked":["Finisher","Outmaneuver"],"picked":"PiercingWail","floor":25},{"not_picked":["Underhanded Strike","Terror+1"],"picked":"Deadly Poison","floor":28},{"not_picked":["Endless Agony+1","Dagger Throw","All Out Attack"],"picked":"SKIP","floor":31},{"not_picked":["Burst","Grand Finale"],"picked":"Malaise","floor":33},{"not_picked":["Masterful Stab+1","Underhanded Strike"],"picked":"Blade Dance+1","floor":35},{"not_picked":["Underhanded Strike","Masterful Stab"],"picked":"Deflect+1","floor":37},{"not_picked":["Skewer+1","Bouncing Flask","Prepared"],"picked":"SKIP","floor":39},{"not_picked":["Setup","Slice+1","Dagger Throw+1"],"picked":"SKIP","floor":40},{"not_picked":["Masterful Stab+1","Outmaneuver","Finisher"],"picked":"SKIP","floor":42},{"not_picked":["Prepared","Deadly Poison"],"picked":"PiercingWail","floor":45},{"not_picked":["Blade Dance","Outmaneuver","Glass Knife"],"picked":"SKIP","floor":46},{"not_picked":["Quick Slash+1","Skewer"],"picked":"Caltrops","floor":48},{"not_picked":["Poisoned Stab+1","Cloak And Dagger+1","Blade Dance+1"],"picked":"SKIP","floor":55}],"player_experience":6061544,"relics_obtained":[{"floor":8,"key":"Ninja Scroll"},{"floor":9,"key":"Matryoshka"},{"floor":11,"key":"Regal Pillow"},{"floor":14,"key":"War Paint"},{"floor":23,"key":"Darkstone Periapt"},{"floor":25,"key":"Pear"},{"floor":26,"key":"Tiny Chest"},{"floor":26,"key":"Oddly Smooth Stone"},{"floor":28,"key":"Gambling Chip"},{"floor":31,"key":"Pen Nib"},{"floor":40,"key":"The Specimen"},{"floor":42,"key":"Blue Candle"},{"floor":43,"key":"Gremlin Horn"},{"floor":45,"key":"Whetstone"},{"floor":55,"key":"Bronze Scales"}],"event_choices":[{"cards_removed":["Strike_G"],"damage_healed":0,"gold_gain":0,"player_choice":"Card Removal","damage_taken":7,"max_hp_gain":0,"max_hp_loss":0,"event_name":"Golden Wing","floor":3,"gold_loss":0},{"damage_healed":0,"gold_gain":0,"player_choice":"Grow","damage_taken":0,"max_hp_gain":0,"max_hp_loss":0,"event_name":"Living Wall","floor":5,"gold_loss":0,"cards_upgraded":["Dash"]},{"damage_healed":0,"gold_gain":0,"player_choice":"Ignored","damage_taken":0,"max_hp_gain":0,"max_hp_loss":0,"event_name":"Liars Game","floor":7,"gold_loss":0},{"damage_healed":0,"gold_gain":0,"player_choice":"Bought 0 Potions","damage_taken":0,"max_hp_gain":0,"max_hp_loss":0,"event_name":"The Woman in Blue","floor":19,"gold_loss":0},{"damage_healed":0,"gold_gain":0,"player_choice":"Upgraded","damage_taken":0,"max_hp_gain":0,"max_hp_loss":0,"event_name":"Upgrade Shrine","floor":36,"gold_loss":0,"cards_upgraded":["Malaise"]},{"damage_healed":0,"gold_gain":0,"player_choice":"Rummage","damage_taken":0,"relics_obtained":["WarpedTongs"],"max_hp_gain":0,"max_hp_loss":0,"event_name":"Accursed Blacksmith","floor":38,"gold_loss":0,"cards_obtained":["Pain"]},{"cards_removed":["Pain"],"damage_healed":0,"gold_gain":0,"player_choice":"Upgrade and Remove","damage_taken":0,"max_hp_gain":0,"max_hp_loss":0,"event_name":"Designer","floor":47,"gold_loss":110,"cards_upgraded":["Defend_G"]}],"is_beta":true,"boss_relics":[{"not_picked":["Coffee Dripper","Eternal Feather"],"picked":"Astrolabe"},{"not_picked":["WristBlade","Sozu"],"picked":"Philosopher\u0027s Stone"}],"items_purged_floors":[],"is_endless":false,"potions_floor_spawned":[1,10,12,14,16,18,23,28,37,40,42,45,48,55],"ascension_level":20}