{"gold_per_floor":[215,215,10,24,42,42,77,77,123,149,160,178,201,231,231,309,309,325,225,202,202,117,117,151,151,151,186,203,203,232,248,248,321,321,337,113,113,123,42,42,73,73,73,401,67,67,99,110,110,110,110,110,110,110,141,141],"floor_reached":57,"playtime":3927,"items_purged":["Strike_G","Strike_G","Strike_G+1"],"score":3153,"play_id":"4e7e0857-172e-449d-b7bc-d9ef46bf57fc","local_time":"20190430234632","is_ascension_mode":true,"campfire_choices":[{"data":"Skewer","floor":6,"key":"SMITH"},{"floor":8,"key":"REST"},{"data":"Bouncing Flask","floor":15,"key":"SMITH"},{"data":"Corpse Explosion","floor":23,"key":"SMITH"},{"floor":29,"key":"REST"},{"data":"Flechettes","floor":32,"key":"SMITH"},{"floor":40,"key":"RECALL"},{"floor":42,"key":"REST"},{"floor":49,"key":"REST"},{"floor":53,"key":"REST"}],"neow_cost":"NONE","seed_source_timestamp":48127320544416,"circlet_count":0,"master_deck":["AscendersBane","Defend_G+1","Defend_G+1","Defend_G+1","Defend_G+1","Defend_G+1","Strike_G+1","Survivor","Neutralize+1","Flying Knee","Well Laid Plans","Skewer+1","Backflip","Dash","PiercingWail","Bouncing Flask+1","Leg Sweep","PiercingWail","Poisoned Stab","Corpse Explosion+1","Calculated Gamble","Concentrate","Flechettes+1","Dodge and Roll+1","Backflip","Envenom","Crippling Poison+1","Catalyst","Escape Plan","Escape Plan","PiercingWail","Backflip","Deflect","Leg Sweep"],"relics":["Ring of the Snake","Whetstone","Ornamental Fan","Odd Mushroom","Sundial","Runic Pyramid","Gremlin Horn","Snake Skull","Bronze Scales","Mummified Hand","Art of War","Fusion Hammer","The Specimen","Gambling Chip","Old Coin","OrangePellets","Ancient Tea Set","Shuriken"],"potions_floor_usage":[10,10,16,24,27,33,56,56],"damage_taken":[{"damage":8,"enemies":"Small Slimes","floor":1,"turns":5},{"damage":2,"enemies":"Jaw Worm","floor":4,"turns":5},{"damage":0,"enemies":"Cultist","floor":5,"turns":4},{"damage":19,"enemies":"Lagavulin","floor":7,"turns":9},{"damage":0,"enemies":"Gremlin Nob","floor":10,"turns":3},{"damage":2,"enemies":"Lots of Slimes","floor":11,"turns":5},{"damage":0,"enemies":"Blue Slaver","floor":12,"turns":3},{"damage":10,"enemies":"The Mushroom Lair","floor":13,"turns":6},{"damage":8,"enemies":"3 Sentries","floor":14,"turns":8},{"damage":5,"enemies":"Hexaghost","floor":16,"turns":10},{"damage":8,"enemies":"3 Byrds","floor":18,"turns":7},{"damage":3,"enemies":"2 Thieves","floor":20,"turns":5},{"damage":0,"enemies":"Gremlin Leader","floor":24,"turns":6},{"damage":17,"enemies":"Slavers","floor":27,"turns":4},{"damage":3,"enemies":"Shelled Parasite and Fungi","floor":28,"turns":5},{"damage":0,"enemies":"Gremlin Leader","floor":30,"turns":6},{"damage":0,"enemies":"Chosen and Byrds","floor":31,"turns":3},{"damage":3,"enemies":"Collector","floor":33,"turns":8},{"damage":0,"enemies":"3 Shapes","floor":35,"turns":4},{"damage":0,"enemies":"Orb Walker","floor":38,"turns":3},{"damage":9,"enemies":"Reptomancer","floor":41,"turns":5},{"damage":0,"enemies":"Giant Head","floor":44,"turns":6},{"damage":0,"enemies":"Nemesis","floor":47,"turns":7},{"damage":0,"enemies":"3 Darklings","floor":48,"turns":4},{"damage":0,"enemies":"Time Eater","floor":50,"turns":7},{"damage":35,"enemies":"Donu and Deca","floor":51,"turns":6},{"damage":7,"enemies":"Shield and Spear","floor":55,"turns":6},{"damage":12,"enemies":"The Heart","floor":56,"turns":9}],"seed_played":"-1209155633973930482","potions_obtained":[{"floor":5,"key":"SteroidPotion"},{"floor":7,"key":"AttackPotion"},{"floor":13,"key":"EssenceOfSteel"},{"floor":14,"key":"Weak Potion"},{"floor":16,"key":"EssenceOfSteel"},{"floor":20,"key":"Dexterity Potion"},{"floor":27,"key":"PowerPotion"},{"floor":31,"key":"Energy Potion"},{"floor":33,"key":"Ancient Potion"}],"is_trial":false,"path_per_floor":["M","?","$","M","M","R","E","R","T","E","M","M","?","E","R","B",null,"M","$","M","?","?","R","E","?","T","E","M","R","E","M","R","B",null,"M","$","?","M","$","R","E","R","T","E","$","?","E","M","R","B","B",null,"R","$","E","B",null],"character_chosen":"THE_SILENT","items_purchased":["Well Laid Plans","Skewer","Catalyst","SpeedPotion","Escape Plan","OrangePellets","SpeedPotion","PiercingWail"],"campfire_rested":5,"item_purchase_floors":[3,3,36,36,39,45,45,45],"current_hp_per_floor":[51,51,51,49,49,49,30,49,49,49,47,47,37,29,29,24,56,48,48,45,45,45,45,45,45,45,28,25,44,44,44,44,41,60,60,60,60,60,60,60,51,66,66,66,66,62,62,62,66,66,31,57,66,66,59,47],"gold":141,"neow_bonus":"HUNDRED_GOLD","is_prod":false,"is_daily":false,"chose_seed":false,"campfire_upgraded":4,"win_rate":0,"timestamp":1556693192,"path_taken":["M","?","$","M","M","R","E","R","T","E","M","M","?","E","R","BOSS","M","$","M","?","?","R","E","?","T","E","M","R","E","M","R","BOSS","M","$","?","?","?","R","E","R","T","E","$","?","E","M","R","BOSS","BOSS","R","$","E","BOSS"],"build_version":"2019-04-23","purchased_purges":3,"victory":true,"max_hp_per_floor":[66,66,66,66,66,66,66,66,66,66,66,66,66,66,66,66,66,66,66,66,66,66,66,66,66,66,66,66,66,66,66,66,66,66,66,66,66,66,66,66,66,66,66,66,66,66,66,66,66,66,66,66,66,66,66,66],"card_choices":[{"not_picked":["Backflip","Sucker Punch"],"picked":"Flying Knee","floor":1},{"not_picked":["Deflect","Flying Knee"],"picked":"Backflip","floor":4},{"not_picked":["Outmaneuver","Tools of the Trade"],"picked":"Dash","floor":5},{"not_picked":["Quick Slash","Expertise"],"picked":"PiercingWail","floor":7},{"not_picked":["Bullet Time","Blur"],"picked":"Bouncing Flask","floor":10},{"not_picked":["Cloak And Dagger","Setup"],"picked":"Leg Sweep","floor":11},{"not_picked":["Terror","Poisoned Stab"],"picked":"PiercingWail","floor":12},{"not_picked":["Acrobatics","Reflex"],"picked":"Poisoned Stab","floor":13},{"not_picked":["Endless Agony","Dagger Spray","Expertise"],"picked":"SKIP","floor":14},{"not_picked":["Envenom","Night Terror"],"picked":"Corpse Explosion","floor":16},{"not_picked":["Flying Knee","Expertise","Dodge and Roll"],"picked":"SKIP","floor":18},{"not_picked":["Masterful Stab+1","Blade Dance+1"],"picked":"Calculated Gamble","floor":20},{"not_picked":["Deadly Poison","Outmaneuver"],"picked":"Concentrate","floor":24},{"not_picked":["Riddle With Holes+1","Bane","Terror+1"],"picked":"SKIP","floor":27},{"not_picked":["Dodge and Roll","Outmaneuver"],"picked":"Flechettes","floor":28},{"not_picked":["Sucker Punch","Outmaneuver"],"picked":"Dodge and Roll+1","floor":30},{"not_picked":["Doppelganger","Calculated Gamble"],"picked":"Backflip","floor":31},{"not_picked":["Burst","Unload"],"picked":"Envenom","floor":33},{"not_picked":["All Out Attack","Dagger Throw+1"],"picked":"Crippling Poison+1","floor":35},{"not_picked":["Dash","Dagger Spray","Predator"],"picked":"SKIP","floor":38},{"not_picked":["Bane","Expertise+1","Cloak And Dagger"],"picked":"SKIP","floor":41},{"not_picked":["Heel Hook","Quick Slash+1"],"picked":"Escape Plan","floor":44},{"not_picked":["Poisoned Stab","Tactician"],"picked":"Backflip","floor":47},{"not_picked":["Quick Slash","Prepared"],"picked":"Deflect","floor":48},{"not_picked":["Grand Finale","Sucker Punch"],"picked":"Leg Sweep","floor":55}],"player_experience":6003879,"relics_obtained":[{"floor":7,"key":"Whetstone"},{"floor":10,"key":"Ornamental Fan"},{"floor":13,"key":"Odd Mushroom"},{"floor":14,"key":"Sundial"},{"floor":24,"key":"Snake Skull"},{"floor":26,"key":"Bronze Scales"},{"floor":27,"key":"Mummified Hand"},{"floor":30,"key":"Art of War"},{"floor":41,"key":"The Specimen"},{"floor":43,"key":"Gambling Chip"},{"floor":44,"key":"Old Coin"},{"floor":47,"key":"Ancient Tea Set"},{"floor":55,"key":"Shuriken"}],"event_choices":[{"damage_healed":0,"gold_gain":0,"player_choice":"Grow","damage_taken":0,"max_hp_gain":0,"max_hp_loss":0,"event_name":"Living Wall","floor":2,"gold_loss":0,"cards_upgraded":["Neutralize"]},{"damage_healed":0,"gold_gain":0,"player_choice":"Fought Mushrooms","damage_taken":0,"max_hp_gain":0,"max_hp_loss":0,"event_name":"Mushrooms","floor":13,"gold_loss":0},{"damage_healed":0,"gold_gain":0,"player_choice":"Simplicity","damage_taken":0,"max_hp_gain":0,"max_hp_loss":0,"event_name":"Back to Basics","floor":21,"gold_loss":0,"cards_upgraded":["Defend_G","Defend_G","Defend_G","Defend_G","Defend_G","Strike_G"]},{"damage_healed":0,"gold_gain":0,"player_choice":"Obtained Relic","damage_taken":0,"relics_obtained":["Gremlin Horn"],"max_hp_gain":0,"max_hp_loss":0,"event_name":"Addict","floor":22,"gold_loss":85},{"damage_healed":0,"gold_gain":0,"player_choice":"Ignored","damage_taken":0,"max_hp_gain":0,"max_hp_loss":0,"event_name":"The Mausoleum","floor":25,"gold_loss":0},{"cards_removed":["Strike_G"],"damage_healed":0,"gold_gain":0,"player_choice":"Purged","damage_taken":0,"max_hp_gain":0,"max_hp_loss":0,"event_name":"Purifier","floor":37,"gold_loss":0},{"damage_healed":0,"gold_gain":0,"player_choice":"Bought 0 Potions","damage_taken":0,"max_hp_gain":0,"max_hp_loss":0,"event_name":"The Woman in Blue","floor":46,"gold_loss":0}],"is_beta":true,"boss_relics":[{"not_picked":["HoveringKite","White Beast Statue"],"picked":"Runic Pyramid"},{"not_picked":["Philosopher\u0027s Stone","Empty Cage"],"picked":"Fusion Hammer"}],"items_purged_floors":[3,19,36],"is_endless":false,"potions_floor_spawned":[5,7,13,14,16,20,27,31,33,38,47,48,55],"ascension_level":20}