{"gold_per_floor":[365,47,47,58,74,108,108,140,140,1,1,14,14,31,31,106,106,118,33,33,49,64,64,76,76,76,103,3,3,3,34,34,109,109,123,523,523,541,551,585,585,604,604,223,223,256,274,299,299,299,299,299,299,3,38,38],"floor_reached":57,"playtime":5282,"items_purged":["Strike_G","Strike_G"],"score":3076,"play_id":"f0b40e3f-ae7f-47d0-9605-bf315774459d","local_time":"20190424192007","is_ascension_mode":true,"campfire_choices":[{"floor":7,"key":"REST"},{"data":"Well Laid Plans","floor":11,"key":"SMITH"},{"data":"Catalyst","floor":15,"key":"SMITH"},{"data":"Noxious Fumes","floor":23,"key":"SMITH"},{"data":"Adrenaline","floor":25,"key":"SMITH"},{"data":"Poisoned Stab","floor":32,"key":"SMITH"},{"floor":41,"key":"RECALL"},{"data":"A Thousand Cuts","floor":49,"key":"SMITH"},{"floor":53,"key":"REST"}],"neow_cost":"TEN_PERCENT_HP_LOSS","seed_source_timestamp":193950097680779,"circlet_count":0,"master_deck":["AscendersBane","Defend_G","Defend_G","Defend_G","Defend_G","Defend_G","Survivor","Neutralize","Backstab+1","Poisoned Stab+1","Catalyst+1","PiercingWail","Dash+1","Blur","Well Laid Plans+1","PiercingWail","Dodge and Roll","Adrenaline+1","Leg Sweep","Noxious Fumes+1","Skewer","Deflect","Cloak And Dagger","Tactician+1","Backflip+1","A Thousand Cuts+1","Catalyst+1","Cloak And Dagger+1","Quick Slash+1","Blade Dance+1","Acrobatics+1","Madness+1","Panache","Impatience+1","Deadly Poison+1","Backflip+1","Backflip+1","Crippling Poison+1","Deadly Poison+1","Blind+1","Backflip+1","Leg Sweep+1","Setup+1","Noxious Fumes","Deflect+1","PanicButton+1","Deflect+1"],"relics":["Ring of the Snake","Oddly Smooth Stone","WarpedTongs","Snake Skull","Nunchaku","Letter Opener","FaceOfCleric","Runic Pyramid","Ninja Scroll","Toxic Egg 2","Mummified Hand","Gremlin Horn","Astrolabe","Old Coin","Question Card","OrangePellets","Whetstone","PreservedInsect","Vajra"],"potions_floor_usage":[6,8,16,16,33,46,55,56],"damage_taken":[{"damage":0,"enemies":"Jaw Worm","floor":1,"turns":6},{"damage":3,"enemies":"Cultist","floor":4,"turns":3},{"damage":0,"enemies":"Small Slimes","floor":5,"turns":4},{"damage":36,"enemies":"Lagavulin","floor":6,"turns":8},{"damage":10,"enemies":"3 Sentries","floor":8,"turns":10},{"damage":0,"enemies":"Red Slaver","floor":12,"turns":3},{"damage":2,"enemies":"Lots of Slimes","floor":14,"turns":4},{"damage":25,"enemies":"Slime Boss","floor":16,"turns":14},{"damage":11,"enemies":"Shell Parasite","floor":18,"turns":8},{"damage":0,"enemies":"3 Byrds","floor":21,"turns":7},{"damage":0,"enemies":"Cultist and Chosen","floor":22,"turns":7},{"damage":0,"enemies":"Shelled Parasite and Fungi","floor":24,"turns":6},{"damage":0,"enemies":"Gremlin Leader","floor":27,"turns":8},{"damage":5,"enemies":"Slavers","floor":31,"turns":5},{"damage":0,"enemies":"Automaton","floor":33,"turns":10},{"damage":0,"enemies":"Orb Walker","floor":35,"turns":3},{"damage":0,"enemies":"Mind Bloom Boss Battle","floor":36,"turns":7},{"damage":0,"enemies":"3 Shapes","floor":38,"turns":3},{"damage":2,"enemies":"Writhing Mass","floor":39,"turns":6},{"damage":0,"enemies":"Reptomancer","floor":40,"turns":3},{"damage":0,"enemies":"Maw","floor":42,"turns":4},{"damage":14,"enemies":"Giant Head","floor":46,"turns":7},{"damage":0,"enemies":"Spire Growth","floor":47,"turns":4},{"damage":0,"enemies":"Nemesis","floor":48,"turns":5},{"damage":20,"enemies":"Time Eater","floor":50,"turns":7},{"damage":15,"enemies":"Awakened One","floor":51,"turns":14},{"damage":13,"enemies":"Shield and Spear","floor":55,"turns":5},{"damage":22,"enemies":"The Heart","floor":56,"turns":6}],"seed_played":"1958193256943824238","potions_obtained":[{"floor":1,"key":"SkillPotion"},{"floor":6,"key":"SkillPotion"},{"floor":21,"key":"Fruit Juice"},{"floor":27,"key":"Explosive Potion"},{"floor":33,"key":"EssenceOfSteel"},{"floor":36,"key":"SkillPotion"},{"floor":39,"key":"Energy Potion"},{"floor":46,"key":"Poison Potion"},{"floor":47,"key":"GamblersBrew"}],"is_trial":false,"path_per_floor":["M","$","?","M","M","E","R","E","T","$","R","M","?","M","R","B",null,"M","$","?","M","M","R","M","R","T","E","$","T","?","E","R","B",null,"M","?","?","M","M","E","R","M","T","$","?","E","M","E","R","B","B",null,"R","$","E","B",null],"character_chosen":"THE_SILENT","items_purchased":["Oddly Smooth Stone","Poisoned Stab","Poison Potion","Well Laid Plans","Poison Potion","Noxious Fumes","OrangePellets","Deadly Poison+1","Blind+1","Noxious Fumes","Deflect+1","PanicButton+1","PowerPotion"],"campfire_rested":2,"item_purchase_floors":[2,2,2,10,10,19,44,44,44,54,54,54,54],"current_hp_per_floor":[59,59,59,56,56,20,38,28,28,28,28,28,28,27,27,3,47,37,37,37,38,39,39,40,40,40,41,41,41,41,37,37,43,66,67,68,58,59,58,59,59,60,60,60,80,67,68,69,69,50,36,73,85,85,73,52],"gold":38,"neow_bonus":"TWO_FIFTY_GOLD","is_prod":false,"is_daily":false,"chose_seed":false,"campfire_upgraded":6,"win_rate":0,"timestamp":1556158807,"path_taken":["M","$","?","?","M","E","R","E","T","$","R","M","?","M","R","BOSS","M","$","?","M","?","R","?","R","T","E","$","?","?","E","R","BOSS","M","?","?","M","M","E","R","M","T","$","?","E","M","E","R","BOSS","BOSS","R","$","E","BOSS"],"build_version":"2019-04-23","purchased_purges":2,"victory":true,"max_hp_per_floor":[60,60,60,60,60,60,60,60,60,60,60,60,60,61,61,62,62,63,63,63,64,65,65,66,66,66,67,67,67,67,68,68,74,74,75,76,76,77,78,79,79,80,80,80,80,81,82,83,83,84,85,85,85,85,86,87],"card_choices":[{"not_picked":["Quick Slash","Dagger Spray"],"picked":"Backstab","floor":1},{"not_picked":["Flying Knee","Backflip"],"picked":"Catalyst","floor":4},{"not_picked":["Sucker Punch","Predator"],"picked":"PiercingWail","floor":5},{"not_picked":["Night Terror","Riddle With Holes"],"picked":"Dash","floor":6},{"not_picked":["Bane","Cloak And Dagger"],"picked":"Blur","floor":8},{"not_picked":["Quick Slash","Underhanded Strike"],"picked":"PiercingWail","floor":12},{"not_picked":["Blade Dance","Quick Slash"],"picked":"Dodge and Roll","floor":14},{"not_picked":["Envenom","Night Terror"],"picked":"Adrenaline","floor":16},{"not_picked":["Terror","Eviscerate"],"picked":"Leg Sweep","floor":18},{"not_picked":["Quick Slash","Bane"],"picked":"Skewer","floor":21},{"not_picked":["Cloak And Dagger","Escape Plan"],"picked":"Deflect","floor":22},{"not_picked":["Choke","Flying Knee"],"picked":"Cloak And Dagger","floor":24},{"not_picked":["Flying Knee+1","Terror"],"picked":"Tactician","floor":27},{"not_picked":["Tactician+1","Doppelganger+1"],"picked":"Backflip+1","floor":31},{"not_picked":["Die Die Die","Doppelganger+1"],"picked":"A Thousand Cuts","floor":33},{"not_picked":["Backstab+1","Poisoned Stab"],"picked":"Blade Dance+1","floor":35},{"not_picked":["Distraction+1","Deflect+1"],"picked":"Acrobatics+1","floor":36},{"not_picked":["Mind Blast","HandOfGreed"],"picked":"Madness+1","floor":37},{"not_picked":["Trip+1","Bandage Up+1"],"picked":"Panache","floor":37},{"not_picked":["Bandage Up+1","Swift Strike"],"picked":"Impatience+1","floor":37},{"not_picked":["Prepared+1","Dagger Throw"],"picked":"Deadly Poison+1","floor":38},{"not_picked":["Outmaneuver+1","Dagger Throw+1"],"picked":"Backflip+1","floor":39},{"not_picked":["Blur+1","Setup+1"],"picked":"Backflip+1","floor":40},{"not_picked":["Deadly Poison+1","Underhanded Strike","Reflex+1"],"picked":"Crippling Poison+1","floor":42},{"not_picked":["Infinite Blades","Sucker Punch","Storm of Steel+1"],"picked":"Backflip+1","floor":46},{"not_picked":["Flying Knee","Terror+1","Slice"],"picked":"Leg Sweep+1","floor":47},{"not_picked":["Accuracy+1","Blade Dance+1","Dagger Spray"],"picked":"Setup+1","floor":48},{"not_picked":["Endless Agony","Flechettes+1","Reflex+1"],"picked":"Deflect+1","floor":55}],"player_experience":5829687,"relics_obtained":[{"floor":6,"key":"Snake Skull"},{"floor":8,"key":"Nunchaku"},{"floor":9,"key":"Letter Opener"},{"floor":26,"key":"Ninja Scroll"},{"floor":27,"key":"Toxic Egg 2"},{"floor":29,"key":"Mummified Hand"},{"floor":31,"key":"Gremlin Horn"},{"floor":36,"key":"Old Coin"},{"floor":40,"key":"Question Card"},{"floor":46,"key":"Whetstone"},{"floor":48,"key":"PreservedInsect"},{"floor":55,"key":"Vajra"}],"event_choices":[{"damage_healed":0,"gold_gain":0,"player_choice":"Rummage","damage_taken":0,"relics_obtained":["WarpedTongs"],"max_hp_gain":0,"max_hp_loss":0,"event_name":"Accursed Blacksmith","floor":3,"gold_loss":0,"cards_obtained":["Pain"]},{"damage_healed":0,"gold_gain":0,"player_choice":"Trade","damage_taken":0,"relics_obtained":["FaceOfCleric"],"max_hp_gain":0,"max_hp_loss":0,"event_name":"FaceTrader","floor":13,"gold_loss":0},{"cards_removed":["Pain"],"damage_healed":0,"gold_gain":0,"player_choice":"Purged","damage_taken":0,"max_hp_gain":0,"max_hp_loss":0,"event_name":"Purifier","floor":20,"gold_loss":0},{"damage_healed":0,"gold_gain":0,"player_choice":"Ignored","damage_taken":0,"max_hp_gain":0,"max_hp_loss":0,"event_name":"The Mausoleum","floor":30,"gold_loss":0},{"damage_healed":0,"gold_gain":0,"player_choice":"Fight","damage_taken":0,"max_hp_gain":0,"max_hp_loss":0,"event_name":"MindBloom","floor":36,"gold_loss":0},{"damage_healed":0,"gold_gain":0,"player_choice":"Memory 3","damage_taken":10,"max_hp_gain":0,"max_hp_loss":0,"event_name":"SensoryStone","floor":37,"gold_loss":0},{"damage_healed":20,"gold_gain":0,"player_choice":"Full Heal","damage_taken":0,"max_hp_gain":0,"max_hp_loss":0,"event_name":"Wheel of Change","floor":45,"gold_loss":0}],"is_beta":true,"boss_relics":[{"not_picked":["Runic Dome","Ring of the Serpent"],"picked":"Runic Pyramid"},{"not_picked":["White Beast Statue","Tiny House"],"picked":"Astrolabe"}],"items_purged_floors":[2,28],"is_endless":false,"potions_floor_spawned":[1,5,6,14,21,27,33,36,39,42,46,47],"ascension_level":20}