{"gold_per_floor":[112,23,123,141,155,155,185,25,51,62,62,96,96,109,109,181,181,197,197,212,226,226],"floor_reached":22,"playtime":1100,"items_purged":["Strike_B"],"score":392,"play_id":"031c935f-132e-4489-96ff-07697d3cadc8","local_time":"20190501212203","is_ascension_mode":true,"campfire_choices":[{"data":"Defragment","floor":6,"key":"SMITH"},{"floor":11,"key":"REST"},{"floor":15,"key":"REST"}],"neow_cost":"NONE","seed_source_timestamp":128707008590747,"circlet_count":0,"master_deck":["AscendersBane","Strike_B","Strike_B","Defend_B","Defend_B","Defend_B","Defend_B+1","Zap","Dualcast+1","FTL","Defragment+1","Reinforced Body","Go for the Eyes","Biased Cognition","Static Discharge","Capacitor","Cold Snap","Seek","Conserve Battery"],"relics":["Lizard Tail","Vajra","Strawberry","Smiling Mask","War Paint","Fusion Hammer"],"potions_floor_usage":[7,16,22,22],"damage_taken":[{"damage":7,"enemies":"Cultist","floor":1,"turns":4},{"damage":9,"enemies":"Small Slimes","floor":4,"turns":3},{"damage":4,"enemies":"Jaw Worm","floor":5,"turns":4},{"damage":74,"enemies":"Gremlin Nob","floor":7,"turns":6},{"damage":7,"enemies":"2 Fungi Beasts","floor":10,"turns":4},{"damage":6,"enemies":"Lagavulin","floor":12,"turns":7},{"damage":20,"enemies":"Lots of Slimes","floor":14,"turns":3},{"damage":34,"enemies":"Slime Boss","floor":16,"turns":9},{"damage":21,"enemies":"2 Thieves","floor":18,"turns":4},{"damage":17,"enemies":"Shell Parasite","floor":20,"turns":5},{"damage":9,"enemies":"Centurion and Healer","floor":21,"turns":8},{"damage":18,"enemies":"3 Cultists","floor":22,"turns":3}],"seed_played":"6082884731969146489","potions_obtained":[{"floor":1,"key":"Poison Potion"},{"floor":10,"key":"Fire Potion"},{"floor":16,"key":"Dexterity Potion"},{"floor":20,"key":"Fire Potion"}],"is_trial":false,"path_per_floor":["M","$","?","M","M","R","E","$","T","M","R","E","T","M","R","B",null,"M","?","M","M","M"],"character_chosen":"DEFECT","items_purchased":["Defragment","Static Discharge"],"campfire_rested":2,"item_purchase_floors":[2,8],"current_hp_per_floor":[57,57,57,48,44,44,25,25,32,25,48,42,42,22,45,11,61,40,40,23,14,0],"gold":226,"neow_bonus":"BOSS_RELIC","is_prod":false,"is_daily":false,"chose_seed":false,"campfire_upgraded":1,"win_rate":0,"timestamp":1556770923,"path_taken":["M","?","?","M","?","R","E","$","T","M","R","E","?","M","R","BOSS","M","?","M","M","?"],"build_version":"2019-04-23","purchased_purges":1,"victory":false,"max_hp_per_floor":[71,71,71,71,71,71,71,71,78,78,78,78,78,78,78,78,78,78,78,78,78,78],"card_choices":[{"not_picked":["Darkness","Stack"],"picked":"FTL","floor":1},{"not_picked":["Storm","Skim"],"picked":"Reinforced Body","floor":4},{"not_picked":["Chill","Blizzard"],"picked":"Go for the Eyes","floor":5},{"not_picked":["Storm","Beam Cell"],"picked":"Biased Cognition","floor":7},{"not_picked":["Go for the Eyes","Lockon"],"picked":"Capacitor","floor":10},{"not_picked":["Recycle","Compile Driver"],"picked":"Cold Snap","floor":12},{"not_picked":["Rebound","Auto Shields","Stack"],"picked":"SKIP","floor":14},{"not_picked":["Hyperbeam","Creative AI"],"picked":"Seek","floor":16},{"not_picked":["Fusion","Turbo","Gash"],"picked":"SKIP","floor":18},{"not_picked":["Steam","Leap","Sweeping Beam"],"picked":"SKIP","floor":20},{"not_picked":["Consume","Barrage"],"picked":"Conserve Battery","floor":21}],"player_experience":6044768,"relics_obtained":[{"floor":7,"key":"Vajra"},{"floor":9,"key":"Strawberry"},{"floor":12,"key":"Smiling Mask"},{"floor":13,"key":"War Paint"}],"event_choices":[{"damage_healed":0,"gold_gain":100,"player_choice":"Gold","damage_taken":0,"max_hp_gain":0,"max_hp_loss":0,"event_name":"Wheel of Change","floor":3,"gold_loss":0},{"cards_removed":["Strike_B"],"damage_healed":0,"gold_gain":0,"player_choice":"Offered Basic","damage_taken":0,"max_hp_gain":0,"max_hp_loss":0,"event_name":"Bonfire Elementals","floor":19,"gold_loss":0}],"is_beta":true,"boss_relics":[{"not_picked":["Eternal Feather","Velvet Choker"],"picked":"Fusion Hammer"}],"items_purged_floors":[8],"is_endless":false,"potions_floor_spawned":[1,10,16,20],"killed_by":"3 Cultists","ascension_level":20}