{"gold_per_floor":[211,228,303,67,47,77,77,87,87,102,102,116,143,43,43,117,117,129,404,9,23,34,67,67,67,67,67,86,86,115,133,133,211,211,231,231,231,249,266,266,266,300,300,300,345,379,379,379,379,379,379,379,379,6,39,39],"floor_reached":56,"playtime":3734,"items_purged":["Strike_B","Strike_B","Regret"],"score":2102,"play_id":"bcb1ead2-8df9-4bf2-9b91-12d38181ecc1","local_time":"20190501023603","is_ascension_mode":true,"campfire_choices":[{"data":"Zap","floor":7,"key":"SMITH"},{"floor":11,"key":"REST"},{"data":"Defragment","floor":15,"key":"SMITH"},{"data":"Electrodynamics","floor":25,"key":"SMITH"},{"data":"Self Repair","floor":27,"key":"SMITH"},{"data":"Coolheaded","floor":32,"key":"SMITH"},{"data":"Doom and Gloom","floor":40,"key":"SMITH"},{"floor":44,"key":"RECALL"},{"data":"Glacier","floor":47,"key":"SMITH"},{"data":"Conserve Battery","floor":49,"key":"SMITH"},{"data":"Static Discharge","floor":53,"key":"SMITH"}],"neow_cost":"NONE","seed_source_timestamp":58513723776601,"circlet_count":0,"master_deck":["AscendersBane","Strike_B","Defend_B","Defend_B","Defend_B","Defend_B","Zap+1","Dualcast","Doom and Gloom+1","Glacier+1","Static Discharge+1","Cold Snap","Conserve Battery+1","Defragment+1","Electrodynamics+1","Consume+1","Echo Form","Coolheaded+1","Self Repair+1","Hologram+1","Core Surge","Turbo","Coolheaded+1","Compile Driver+1","Consume+1"],"relics":["Cracked Core","DataDisk","Gremlin Horn","Matryoshka","Torii","Inserter","Ginger","Art of War","Boot","Coffee Dripper","Pen Nib","Strawberry","Symbiotic Virus","Mercury Hourglass","Mango","StoneCalendar","Centennial Puzzle","Runic Capacitor","Oddly Smooth Stone"],"potions_floor_usage":[12,13,13,21,22,23,31,31,45,46,56],"damage_taken":[{"damage":7,"enemies":"Small Slimes","floor":1,"turns":3},{"damage":3,"enemies":"2 Louse","floor":2,"turns":2},{"damage":9,"enemies":"Lagavulin","floor":6,"turns":6},{"damage":0,"enemies":"Cultist","floor":8,"turns":5},{"damage":1,"enemies":"Looter","floor":10,"turns":3},{"damage":2,"enemies":"Gremlin Gang","floor":12,"turns":2},{"damage":16,"enemies":"Gremlin Nob","floor":13,"turns":4},{"damage":12,"enemies":"Hexaghost","floor":16,"turns":8},{"damage":0,"enemies":"Chosen","floor":18,"turns":6},{"damage":13,"enemies":"2 Thieves","floor":21,"turns":4},{"damage":11,"enemies":"Centurion and Healer","floor":22,"turns":6},{"damage":28,"enemies":"Slavers","floor":23,"turns":4},{"damage":0,"enemies":"Sentry and Sphere","floor":28,"turns":6},{"damage":29,"enemies":"Book of Stabbing","floor":30,"turns":5},{"damage":8,"enemies":"Shelled Parasite and Fungi","floor":31,"turns":4},{"damage":0,"enemies":"Champ","floor":33,"turns":17},{"damage":14,"enemies":"Orb Walker","floor":35,"turns":3},{"damage":28,"enemies":"3 Darklings","floor":38,"turns":3},{"damage":8,"enemies":"Jaw Worm Horde","floor":39,"turns":5},{"damage":0,"enemies":"Giant Head","floor":42,"turns":25},{"damage":33,"enemies":"2 Orb Walkers","floor":45,"turns":3},{"damage":1,"enemies":"Reptomancer","floor":46,"turns":5},{"damage":23,"enemies":"Awakened One","floor":50,"turns":28},{"damage":23,"enemies":"Time Eater","floor":51,"turns":23},{"damage":32,"enemies":"Shield and Spear","floor":55,"turns":6},{"damage":71,"enemies":"The Heart","floor":56,"turns":2}],"seed_played":"7831626416810655446","potions_obtained":[{"floor":1,"key":"PowerPotion"},{"floor":5,"key":"AttackPotion"},{"floor":12,"key":"Weak Potion"},{"floor":16,"key":"Regen Potion"},{"floor":21,"key":"Regen Potion"},{"floor":22,"key":"Weak Potion"},{"floor":28,"key":"SteroidPotion"},{"floor":35,"key":"FearPotion"},{"floor":42,"key":"Dexterity Potion"},{"floor":45,"key":"AttackPotion"}],"is_trial":false,"path_per_floor":["M","M","?","$","?","E","R","M","T","M","R","M","E","$","R","B",null,"M","?","$","M","M","E","?","R","T","R","M","?","E","M","R","B",null,"M","?","?","M","M","R","T","E","T","R","?","E","R","?","R","B","B",null,"R","$","E","B"],"character_chosen":"DEFECT","items_purchased":["DataDisk","Echo Form","Coolheaded","AttackPotion","Centennial Puzzle","Runic Capacitor"],"campfire_rested":1,"item_purchase_floors":[4,20,20,20,54,54],"current_hp_per_floor":[57,54,43,43,43,34,34,34,34,33,54,52,36,36,36,24,59,59,59,59,58,69,48,48,48,48,48,58,58,29,31,31,51,66,62,62,62,54,66,66,73,78,78,78,59,68,68,68,68,65,62,85,85,85,63,0],"gold":39,"neow_bonus":"HUNDRED_GOLD","is_prod":false,"is_daily":false,"chose_seed":false,"campfire_upgraded":9,"win_rate":0,"timestamp":1556703363,"path_taken":["M","M","?","$","?","E","R","M","T","M","R","?","E","$","R","BOSS","M","?","$","M","?","E","?","R","T","R","M","?","E","M","R","BOSS","M","?","?","M","?","R","?","E","T","R","?","E","R","?","R","BOSS","BOSS","R","$","E","BOSS"],"build_version":"2019-04-23","purchased_purges":3,"victory":false,"max_hp_per_floor":[71,71,71,71,71,71,71,71,71,71,71,71,71,71,71,71,71,71,71,71,71,71,71,71,71,71,71,71,71,71,71,71,71,71,71,71,71,71,71,71,78,78,78,78,92,92,92,92,92,92,92,92,92,92,92,92],"card_choices":[{"not_picked":["Undo","Stack"],"picked":"Doom and Gloom","floor":1},{"not_picked":["Hello World","Beam Cell"],"picked":"Glacier","floor":2},{"not_picked":["Sunder","Streamline"],"picked":"Static Discharge","floor":6},{"not_picked":["Storm","Sweeping Beam"],"picked":"Cold Snap","floor":8},{"not_picked":["Auto Shields","Stack"],"picked":"Conserve Battery","floor":10},{"not_picked":["Beam Cell","Doom and Gloom"],"picked":"Defragment","floor":12},{"not_picked":["Steam Power","Gash"],"picked":"Electrodynamics","floor":13},{"not_picked":["Force Field+1","Barrage+1"],"picked":"Consume+1","floor":18},{"not_picked":["Auto Shields","Melter+1"],"picked":"Self Repair","floor":21},{"not_picked":["Reinforced Body","Leap"],"picked":"Hologram+1","floor":22},{"not_picked":["Beam Cell","Self Repair","Ball Lightning"],"picked":"SKIP","floor":23},{"not_picked":["Self Repair+1","Compile Driver","Scrape"],"picked":"SKIP","floor":28},{"not_picked":["Hello World","Fusion","Rebound"],"picked":"SKIP","floor":30},{"not_picked":["Barrage","Doom and Gloom","Reprogram"],"picked":"SKIP","floor":31},{"not_picked":["Fission","Reboot"],"picked":"Core Surge","floor":33},{"not_picked":["Steam","Fusion","Hello World"],"picked":"SKIP","floor":35},{"not_picked":["Conserve Battery","Redo","Turbo"],"picked":"SKIP","floor":38},{"not_picked":["Hologram+1","Stack+1"],"picked":"Coolheaded+1","floor":39},{"not_picked":["BootSequence","Gash+1"],"picked":"Compile Driver+1","floor":42},{"not_picked":["Rebound+1","Reprogram","Cold Snap"],"picked":"SKIP","floor":46},{"not_picked":["Rip and Tear","Scrape"],"picked":"Consume+1","floor":55}],"player_experience":6014136,"relics_obtained":[{"floor":6,"key":"Gremlin Horn"},{"floor":9,"key":"Matryoshka"},{"floor":13,"key":"Torii"},{"floor":23,"key":"Ginger"},{"floor":26,"key":"Art of War"},{"floor":30,"key":"Boot"},{"floor":41,"key":"Pen Nib"},{"floor":41,"key":"Strawberry"},{"floor":42,"key":"Symbiotic Virus"},{"floor":43,"key":"Mercury Hourglass"},{"floor":45,"key":"Mango"},{"floor":46,"key":"StoneCalendar"},{"floor":55,"key":"Oddly Smooth Stone"}],"event_choices":[{"damage_healed":0,"gold_gain":75,"player_choice":"Gather Gold","damage_taken":11,"max_hp_gain":0,"max_hp_loss":0,"event_name":"World of Goop","floor":3,"gold_loss":0},{"damage_healed":0,"gold_gain":0,"player_choice":"Bought 1 Potion","damage_taken":0,"max_hp_gain":0,"max_hp_loss":0,"event_name":"The Woman in Blue","floor":5,"gold_loss":0},{"damage_healed":0,"gold_gain":275,"player_choice":"Desecrate","damage_taken":0,"max_hp_gain":0,"max_hp_loss":0,"event_name":"Golden Shrine","floor":19,"gold_loss":0,"cards_obtained":["Regret"]},{"damage_healed":0,"gold_gain":0,"player_choice":"Ignored","damage_taken":0,"max_hp_gain":0,"max_hp_loss":0,"event_name":"Vampires","floor":24,"gold_loss":0},{"damage_healed":0,"gold_gain":0,"player_choice":"Ignored","damage_taken":0,"max_hp_gain":0,"max_hp_loss":0,"event_name":"The Mausoleum","floor":29,"gold_loss":0},{"damage_healed":0,"gold_gain":0,"player_choice":"Memory 1","damage_taken":0,"max_hp_gain":0,"max_hp_loss":0,"event_name":"SensoryStone","floor":36,"gold_loss":0},{"damage_healed":0,"gold_gain":0,"cards_transformed":["Strike_B"],"player_choice":"Transformed","damage_taken":0,"max_hp_gain":0,"max_hp_loss":0,"event_name":"Transmorgrifier","floor":37,"gold_loss":0,"cards_obtained":["Turbo"]},{"damage_healed":0,"gold_gain":0,"player_choice":"Fight","damage_taken":0,"max_hp_gain":0,"max_hp_loss":0,"event_name":"Mysterious Sphere","floor":45,"gold_loss":0},{"damage_healed":0,"gold_gain":0,"player_choice":"Leave","damage_taken":0,"max_hp_gain":0,"max_hp_loss":0,"event_name":"FaceTrader","floor":48,"gold_loss":0}],"is_beta":true,"boss_relics":[{"not_picked":["Tiny House","Orrery"],"picked":"Inserter"},{"not_picked":["Runic Dome","Pandora\u0027s Box"],"picked":"Coffee Dripper"}],"items_purged_floors":[4,14,20],"is_endless":false,"potions_floor_spawned":[1,8,12,16,21,22,28,30,35,42,45],"killed_by":"The Heart","ascension_level":20}