{"gold_per_floor":[114,114,39,59,79,79,110,110,136,167,179,191,191,221,221,292,292,306,356,271,171,187,214,232,261,261,48,48,78,90,106,106,182,182,199,219,264,14,14,48,48,77,77,77,105,118,130,157,157,157,157,157,157,5,40,40],"floor_reached":57,"playtime":4221,"items_purged":["Strike_B","Strike_B"],"score":3121,"play_id":"738d7b44-208e-4288-a3df-aa93e68e9374","local_time":"20190430004049","is_ascension_mode":true,"campfire_choices":[{"data":"Zap","floor":6,"key":"SMITH"},{"data":"Doom and Gloom","floor":8,"key":"SMITH"},{"floor":13,"key":"REST"},{"data":"Hologram","floor":15,"key":"SMITH"},{"floor":28,"key":"REST"},{"floor":32,"key":"RECALL"},{"floor":41,"key":"REST"},{"floor":49,"key":"REST"},{"floor":53,"key":"REST"}],"neow_cost":"NONE","seed_source_timestamp":211076506492329,"circlet_count":0,"master_deck":["AscendersBane","Strike_B","Defend_B","Defend_B","Defend_B","Defend_B","Zap+1","Dualcast","Doom and Gloom+1","Gash","Glacier","Sweeping Beam+1","Compile Driver+1","Undo","Hologram+1","Hyperbeam+1","Glacier+1","Compile Driver+1","Glacier+1","Defragment+1","Gash+1","Hologram+1","All For One+1","Steam","Gash+1","Go for the Eyes+1","Good Instincts","Echo Form","Hologram","Coolheaded","Coolheaded+1","Gash+1","Beam Cell+1"],"relics":["Cracked Core","Vajra","Regal Pillow","Molten Egg 2","PreservedInsect","Fusion Hammer","Pantograph","Bag of Marbles","Omamori","Medical Kit","Kunai","Cursed Key","Pocketwatch","ClockworkSouvenir","Strawberry","Lantern","The Courier","Happy Flower","Smiling Mask","DataDisk","Art of War"],"potions_floor_usage":[4,7,7,7,11,14,55,56],"damage_taken":[{"damage":0,"enemies":"2 Louse","floor":1,"turns":3},{"damage":0,"enemies":"Jaw Worm","floor":4,"turns":4},{"damage":6,"enemies":"Small Slimes","floor":5,"turns":3},{"damage":11,"enemies":"Gremlin Nob","floor":7,"turns":4},{"damage":10,"enemies":"3 Sentries","floor":10,"turns":5},{"damage":0,"enemies":"Looter","floor":11,"turns":1},{"damage":6,"enemies":"3 Louse","floor":12,"turns":3},{"damage":0,"enemies":"Gremlin Nob","floor":14,"turns":3},{"damage":33,"enemies":"Slime Boss","floor":16,"turns":8},{"damage":0,"enemies":"3 Byrds","floor":18,"turns":2},{"damage":6,"enemies":"Shell Parasite","floor":22,"turns":6},{"damage":20,"enemies":"Book of Stabbing","floor":23,"turns":6},{"damage":7,"enemies":"Centurion and Healer","floor":24,"turns":4},{"damage":8,"enemies":"Gremlin Leader","floor":25,"turns":3},{"damage":0,"enemies":"Slavers","floor":29,"turns":1},{"damage":8,"enemies":"Snake Plant","floor":30,"turns":3},{"damage":0,"enemies":"Cultist and Chosen","floor":31,"turns":3},{"damage":10,"enemies":"Champ","floor":33,"turns":15},{"damage":0,"enemies":"3 Darklings","floor":35,"turns":3},{"damage":0,"enemies":"3 Shapes","floor":36,"turns":5},{"damage":21,"enemies":"2 Orb Walkers","floor":37,"turns":3},{"damage":0,"enemies":"Giant Head","floor":40,"turns":5},{"damage":0,"enemies":"Reptomancer","floor":42,"turns":3},{"damage":0,"enemies":"Giant Head","floor":45,"turns":5},{"damage":6,"enemies":"Jaw Worm Horde","floor":46,"turns":3},{"damage":0,"enemies":"Spire Growth","floor":47,"turns":6},{"damage":0,"enemies":"Reptomancer","floor":48,"turns":4},{"damage":31,"enemies":"Awakened One","floor":50,"turns":10},{"damage":22,"enemies":"Donu and Deca","floor":51,"turns":7},{"damage":8,"enemies":"Shield and Spear","floor":55,"turns":9},{"damage":70,"enemies":"The Heart","floor":56,"turns":14}],"seed_played":"-3119161916981465444","potions_obtained":[{"floor":0,"key":"EntropicBrew"},{"floor":0,"key":"AttackPotion"},{"floor":5,"key":"SpeedPotion"},{"floor":10,"key":"Fire Potion"},{"floor":12,"key":"Explosive Potion"},{"floor":22,"key":"Fire Potion"},{"floor":29,"key":"GamblersBrew"}],"is_trial":false,"path_per_floor":["M","?","$","M","M","R","E","R","T","E","M","M","R","E","R","B",null,"M","?","?","$","M","E","M","E","T","$","R","E","M","M","R","B",null,"M","M","?","$","?","E","R","E","T","?","E","M","M","E","R","B","B",null,"R","$","E","B",null],"character_chosen":"DEFECT","items_purchased":["Medical Kit","ClockworkSouvenir","Go for the Eyes+1","Gash+1","DataDisk"],"campfire_rested":5,"item_purchase_floors":[27,38,38,54,54],"current_hp_per_floor":[64,57,57,57,51,51,40,40,40,30,30,24,60,60,60,27,60,60,60,60,60,54,34,27,19,19,19,55,55,47,47,47,61,69,69,69,48,48,38,45,78,78,78,78,78,72,72,72,78,47,50,71,78,78,70,8],"gold":40,"neow_bonus":"THREE_SMALL_POTIONS","is_prod":false,"is_daily":false,"chose_seed":false,"campfire_upgraded":3,"win_rate":0,"timestamp":1556610049,"path_taken":["M","?","$","M","M","R","E","R","T","E","M","M","R","E","R","BOSS","M","?","?","$","M","E","M","E","T","$","R","E","?","M","R","BOSS","M","M","?","$","?","E","R","E","T","?","E","M","M","E","R","BOSS","BOSS","R","$","E","BOSS"],"build_version":"2019-04-23","purchased_purges":2,"victory":true,"max_hp_per_floor":[71,71,71,71,71,71,71,71,71,71,71,71,71,71,71,71,71,71,71,71,71,71,71,71,71,71,71,71,71,71,71,71,71,71,71,71,71,71,71,78,78,78,78,78,78,78,78,78,78,78,78,78,78,78,78,78],"card_choices":[{"not_picked":["Leap","Redo"],"picked":"Doom and Gloom","floor":1},{"not_picked":["Conserve Battery","Barrage"],"picked":"Gash","floor":4},{"not_picked":["Steam","Recycle"],"picked":"Glacier","floor":5},{"not_picked":["Hello World","Reboot","Leap"],"picked":"SKIP","floor":7},{"not_picked":["Leap","Turbo"],"picked":"Sweeping Beam","floor":10},{"not_picked":["Hologram","Gash+1"],"picked":"Compile Driver+1","floor":11},{"not_picked":["Streamline+1","Tempest"],"picked":"Undo","floor":12},{"not_picked":["Steam","Leap"],"picked":"Hologram","floor":14},{"not_picked":["Amplify","Machine Learning"],"picked":"Hyperbeam+1","floor":16},{"not_picked":["Genetic Algorithm","Go for the Eyes+1"],"picked":"Glacier+1","floor":18},{"not_picked":["Turbo","Steam"],"picked":"Compile Driver+1","floor":22},{"not_picked":["Recycle","Machine Learning"],"picked":"Glacier+1","floor":23},{"not_picked":["Barrage+1","Rebound+1","Turbo"],"picked":"SKIP","floor":24},{"not_picked":["Skim","Beam Cell+1"],"picked":"Defragment+1","floor":25},{"not_picked":["Sweeping Beam+1","Rebound+1"],"picked":"Gash+1","floor":29},{"not_picked":["Darkness","Ball Lightning+1"],"picked":"Hologram+1","floor":30},{"not_picked":["Double Energy","Melter+1","Reprogram"],"picked":"SKIP","floor":31},{"not_picked":["Amplify","Multi-Cast"],"picked":"All For One+1","floor":33},{"not_picked":["Redo","Barrage+1"],"picked":"Steam","floor":35},{"not_picked":["BootSequence+1","Redo","Barrage+1"],"picked":"SKIP","floor":36},{"not_picked":["Leap","Reprogram"],"picked":"Gash+1","floor":37},{"not_picked":["Secret Weapon","The Bomb"],"picked":"Good Instincts","floor":39},{"not_picked":["Madness","Violence"],"picked":"Flash of Steel+1","floor":39},{"not_picked":["Beam Cell+1","Static Discharge"],"picked":"Echo Form","floor":40},{"not_picked":["Cold Snap+1","Turbo+1"],"picked":"Hologram","floor":42},{"not_picked":["Chill","Sweeping Beam+1"],"picked":"Coolheaded","floor":45},{"not_picked":["Skim","Go for the Eyes+1","BootSequence+1"],"picked":"SKIP","floor":46},{"not_picked":["Leap","Ball Lightning+1","Conserve Battery+1"],"picked":"SKIP","floor":47},{"not_picked":["Genetic Algorithm","Creative AI"],"picked":"Coolheaded+1","floor":48},{"not_picked":["Self Repair","Chaos"],"picked":"Beam Cell+1","floor":55}],"player_experience":5987242,"relics_obtained":[{"floor":7,"key":"Vajra"},{"floor":9,"key":"Regal Pillow"},{"floor":10,"key":"Molten Egg 2"},{"floor":14,"key":"PreservedInsect"},{"floor":23,"key":"Bag of Marbles"},{"floor":25,"key":"Omamori"},{"floor":29,"key":"Kunai"},{"floor":37,"key":"Pocketwatch"},{"floor":40,"key":"Strawberry"},{"floor":42,"key":"Lantern"},{"floor":43,"key":"The Courier"},{"floor":45,"key":"Happy Flower"},{"floor":48,"key":"Smiling Mask"},{"floor":55,"key":"Art of War"}],"event_choices":[{"cards_removed":["Strike_B"],"damage_healed":0,"gold_gain":0,"player_choice":"Card Removal","damage_taken":7,"max_hp_gain":0,"max_hp_loss":0,"event_name":"Golden Wing","floor":2,"gold_loss":0},{"damage_healed":0,"gold_gain":50,"player_choice":"Stole From Cult","damage_taken":0,"max_hp_gain":0,"max_hp_loss":0,"event_name":"Nest","floor":19,"gold_loss":0},{"damage_healed":0,"gold_gain":0,"player_choice":"Obtained Relic","damage_taken":0,"relics_obtained":["Pantograph"],"max_hp_gain":0,"max_hp_loss":0,"event_name":"Addict","floor":20,"gold_loss":85},{"damage_healed":0,"gold_gain":0,"player_choice":"Fight","damage_taken":0,"max_hp_gain":0,"max_hp_loss":0,"event_name":"Mysterious Sphere","floor":37,"gold_loss":0},{"damage_healed":0,"gold_gain":0,"player_choice":"Memory 3","damage_taken":10,"max_hp_gain":0,"max_hp_loss":0,"event_name":"SensoryStone","floor":39,"gold_loss":0},{"cards_removed":["Flash of Steel"],"damage_healed":0,"gold_gain":0,"player_choice":"Removed Attack","damage_taken":0,"max_hp_gain":0,"max_hp_loss":0,"event_name":"Falling","floor":44,"gold_loss":0}],"is_beta":true,"boss_relics":[{"not_picked":["Astrolabe","White Beast Statue"],"picked":"Fusion Hammer"},{"not_picked":["Sozu","Busted Crown"],"picked":"Cursed Key"}],"items_purged_floors":[3,21],"is_endless":false,"potions_floor_spawned":[5,10,12,22,29,30,31,36,46,48],"ascension_level":20}