{"gold_per_floor":[210,230,4,279,292,292,318,318,618,13,42,17,29,59,59,133,133,143,143,175,175,17,17,29,29,29,29,47,81,93,122,134,218,230,254,366,378,400,422,469,481,526,538,550,574,376,427,458,458,458,458,458,458,11,38,38],"floor_reached":57,"playtime":4385,"items_purged":["Regret","Strike_R","Decay"],"score":2902,"play_id":"32469bf4-9622-4558-9b0b-99df187031ff","local_time":"20190423132013","is_ascension_mode":true,"campfire_choices":[{"data":"Bash","floor":6,"key":"SMITH"},{"floor":8,"key":"REST"},{"floor":15,"key":"REST"},{"floor":23,"key":"REST"},{"data":"Armaments","floor":25,"key":"SMITH"},{"floor":27,"key":"REST"},{"data":"Inflame","floor":30,"key":"SMITH"},{"data":"Metallicize","floor":32,"key":"SMITH"},{"data":"Shrug It Off","floor":41,"key":"SMITH"},{"floor":44,"key":"RECALL"},{"floor":49,"key":"REST"},{"floor":53,"key":"REST"}],"neow_cost":"NONE","seed_source_timestamp":86806304892497,"circlet_count":0,"master_deck":["AscendersBane","Strike_R","Strike_R+1","Strike_R+1","Strike_R","Defend_R","Defend_R","Defend_R","Defend_R","Bash+1","Armaments+1","Pummel","Pommel Strike","Iron Wave","Inflame+1","Anger","Immolate+1","Fiend Fire+1","Seeing Red","RitualDagger+1","Shrug It Off+1","Metallicize+1","Shrug It Off+1","Flame Barrier+1","Limit Break","Dual Wield+1","Feel No Pain+1","Limit Break","Sword Boomerang+1","Limit Break","Flex","Spot Weakness","Clothesline+1","Havoc+1","Entrench+1","Corruption","Clothesline+1","Shrug It Off"],"relics":["Burning Blood","Bag of Preparation","StoneCalendar","Old Coin","Question Card","Potion Belt","Whetstone","Molten Egg 2","Runic Pyramid","Red Mask","Lantern","Pear","MawBank","Philosopher\u0027s Stone","Pocketwatch","Art of War","Mango","Thread and Needle","Gremlin Horn","Strawberry","Paper Frog"],"potions_floor_usage":[7,11,12,13,20,20,28,29,33,42,47,55,56,56,56],"damage_taken":[{"damage":2,"enemies":"Cultist","floor":1,"turns":4},{"damage":6,"enemies":"Small Slimes","floor":2,"turns":4},{"damage":3,"enemies":"2 Louse","floor":5,"turns":4},{"damage":69,"enemies":"3 Sentries","floor":7,"turns":16},{"damage":20,"enemies":"Lagavulin","floor":11,"turns":7},{"damage":0,"enemies":"Exordium Thugs","floor":12,"turns":5},{"damage":4,"enemies":"3 Louse","floor":13,"turns":3},{"damage":25,"enemies":"3 Sentries","floor":14,"turns":7},{"damage":29,"enemies":"Slime Boss","floor":16,"turns":7},{"damage":2,"enemies":"Chosen","floor":18,"turns":3},{"damage":28,"enemies":"Masked Bandits","floor":20,"turns":4},{"damage":12,"enemies":"3 Byrds","floor":24,"turns":4},{"damage":18,"enemies":"3 Cultists","floor":28,"turns":4},{"damage":0,"enemies":"Book of Stabbing","floor":29,"turns":3},{"damage":0,"enemies":"Cultist and Chosen","floor":31,"turns":5},{"damage":43,"enemies":"Automaton","floor":33,"turns":10},{"damage":0,"enemies":"3 Shapes","floor":35,"turns":2},{"damage":0,"enemies":"Mind Bloom Boss Battle","floor":36,"turns":3},{"damage":2,"enemies":"Orb Walker","floor":38,"turns":3},{"damage":3,"enemies":"Jaw Worm Horde","floor":39,"turns":3},{"damage":22,"enemies":"Nemesis","floor":40,"turns":5},{"damage":33,"enemies":"Reptomancer","floor":42,"turns":6},{"damage":16,"enemies":"Spire Growth","floor":45,"turns":3},{"damage":30,"enemies":"2 Orb Walkers","floor":47,"turns":5},{"damage":0,"enemies":"Giant Head","floor":48,"turns":5},{"damage":43,"enemies":"Donu and Deca","floor":50,"turns":5},{"damage":15,"enemies":"Time Eater","floor":51,"turns":5},{"damage":29,"enemies":"Shield and Spear","floor":55,"turns":6},{"damage":78,"enemies":"The Heart","floor":56,"turns":6}],"seed_played":"-5285938502161415302","potions_obtained":[{"floor":7,"key":"Regen Potion"},{"floor":11,"key":"EssenceOfSteel"},{"floor":12,"key":"Poison Potion"},{"floor":13,"key":"SkillPotion"},{"floor":16,"key":"Block Potion"},{"floor":20,"key":"Fire Potion"},{"floor":28,"key":"AttackPotion"},{"floor":33,"key":"BloodPotion"},{"floor":36,"key":"Fire Potion"},{"floor":40,"key":"BloodPotion"},{"floor":42,"key":"Explosive Potion"},{"floor":45,"key":"AttackPotion"}],"is_trial":false,"path_per_floor":["M","M","$","?","M","R","E","R","T","$","E","M","M","E","R","B",null,"M","?","?","?","$","R","M","R","T","R","M","E","R","M","R","B",null,"M","?","?","M","M","E","R","E","T","R","M","$","?","E","R","B","B",null,"R","$","E","B",null],"character_chosen":"IRONCLAD","items_purchased":["Bag of Preparation","Poison Potion","Question Card","Potion Belt","PowerPotion","Dexterity Potion","Lantern","Clothesline+1","Strength Potion","Corruption","SteroidPotion","Clothesline+1","Strawberry"],"campfire_rested":6,"item_purchase_floors":[3,3,10,10,10,10,22,46,46,54,54,54,54],"current_hp_per_floor":[72,72,72,72,75,75,12,34,34,34,35,41,43,24,46,23,62,66,45,23,17,17,41,35,35,45,72,60,66,66,72,72,35,76,82,88,88,90,90,74,74,61,61,61,51,51,37,43,74,37,28,85,104,111,88,16],"gold":38,"neow_bonus":"HUNDRED_GOLD","is_prod":false,"is_daily":false,"chose_seed":false,"campfire_upgraded":5,"win_rate":0,"timestamp":1556050813,"path_taken":["M","M","?","?","?","R","E","R","T","$","E","M","M","E","R","BOSS","M","?","?","?","$","R","?","R","T","R","M","E","R","M","R","BOSS","M","?","?","M","M","E","R","E","T","R","?","$","?","E","R","BOSS","BOSS","R","$","E","BOSS"],"build_version":"2019-04-21","purchased_purges":3,"victory":true,"max_hp_per_floor":[75,75,75,75,75,75,75,75,75,75,75,75,75,75,75,75,75,75,80,80,80,80,80,80,80,90,90,90,90,90,90,90,90,90,90,90,90,90,90,90,90,104,104,104,104,104,104,104,104,104,104,104,104,111,111,111],"card_choices":[{"not_picked":["Havoc","Wild Strike"],"picked":"Armaments","floor":1},{"not_picked":["Havoc","Shockwave"],"picked":"Pummel","floor":2},{"not_picked":["Ghostly Armor","Second Wind"],"picked":"Pommel Strike","floor":5},{"not_picked":["Rupture","Reckless Charge"],"picked":"Iron Wave","floor":7},{"not_picked":["Iron Wave","Corruption","Shrug It Off"],"picked":"Inflame","floor":11},{"not_picked":["Wild Strike","Thunderclap","Inflame"],"picked":"Anger","floor":12},{"not_picked":["Perfected Strike","Pommel Strike","Heavy Blade","Pummel"],"picked":"SKIP","floor":13},{"not_picked":["Heavy Blade","Anger","Cleave"],"picked":"Immolate","floor":14},{"not_picked":["Dark Embrace","Juggernaut","Demon Form"],"picked":"Fiend Fire+1","floor":16},{"not_picked":["Clash+1","Shockwave","Sever Soul+1"],"picked":"Seeing Red","floor":18},{"not_picked":["Havoc","Clothesline+1","Carnage+1"],"picked":"Shrug It Off","floor":24},{"not_picked":["Dark Embrace","Iron Wave+1","Anger+1"],"picked":"Metallicize","floor":28},{"not_picked":["Armaments","Dual Wield","Headbutt+1"],"picked":"Shrug It Off+1","floor":29},{"not_picked":["Warcry","Thunderclap+1","Rupture"],"picked":"Flame Barrier+1","floor":31},{"not_picked":["Demon Form","Double Tap","Exhume"],"picked":"Limit Break","floor":33},{"not_picked":["Armaments","Clothesline+1","Perfected Strike+1"],"picked":"Dual Wield+1","floor":35},{"not_picked":["Armaments","Clash+1","True Grit+1"],"picked":"Feel No Pain+1","floor":36},{"not_picked":["Armaments","Shrug It Off+1","Combust+1"],"picked":"Limit Break","floor":38},{"not_picked":["Twin Strike+1","Havoc","Hemokinesis+1"],"picked":"Sword Boomerang+1","floor":39},{"not_picked":["Cleave+1","Brutality","Clash+1"],"picked":"Limit Break","floor":40},{"not_picked":["Pommel Strike+1","Combust","Carnage+1"],"picked":"Flex","floor":42},{"not_picked":["Havoc","Iron Wave+1","Body Slam+1"],"picked":"Spot Weakness","floor":45},{"not_picked":["Immolate+1","Flex","Headbutt+1"],"picked":"Havoc+1","floor":47},{"not_picked":["Power Through","Burning Pact","Pummel+1"],"picked":"Entrench+1","floor":48},{"not_picked":["Infernal Blade","Barricade","Reckless Charge+1"],"picked":"Shrug It Off","floor":55}],"player_experience":5787157,"relics_obtained":[{"floor":7,"key":"StoneCalendar"},{"floor":9,"key":"Old Coin"},{"floor":11,"key":"Whetstone"},{"floor":14,"key":"Molten Egg 2"},{"floor":20,"key":"Red Mask"},{"floor":26,"key":"Pear"},{"floor":29,"key":"MawBank"},{"floor":36,"key":"Pocketwatch"},{"floor":40,"key":"Art of War"},{"floor":42,"key":"Mango"},{"floor":47,"key":"Thread and Needle"},{"floor":48,"key":"Gremlin Horn"},{"floor":55,"key":"Paper Frog"}],"event_choices":[{"damage_healed":0,"gold_gain":275,"player_choice":"Desecrate","damage_taken":0,"max_hp_gain":0,"max_hp_loss":0,"event_name":"Golden Shrine","floor":4,"gold_loss":0,"cards_obtained":["Regret"]},{"damage_healed":0,"gold_gain":0,"player_choice":"Shed Blood","damage_taken":26,"max_hp_gain":5,"max_hp_loss":0,"event_name":"Forgotten Altar","floor":19,"gold_loss":0},{"damage_healed":0,"gold_gain":0,"player_choice":"Fought Bandits","damage_taken":0,"max_hp_gain":0,"max_hp_loss":0,"event_name":"Masked Bandits","floor":20,"gold_loss":0},{"damage_healed":0,"gold_gain":0,"player_choice":"Joined the Cult","damage_taken":6,"max_hp_gain":0,"max_hp_loss":0,"event_name":"Nest","floor":21,"gold_loss":0,"cards_obtained":["RitualDagger"]},{"damage_healed":0,"gold_gain":0,"player_choice":"Fight","damage_taken":0,"max_hp_gain":0,"max_hp_loss":0,"event_name":"MindBloom","floor":36,"gold_loss":0},{"damage_healed":0,"gold_gain":0,"player_choice":"Cursed","damage_taken":0,"max_hp_gain":0,"max_hp_loss":0,"event_name":"Wheel of Change","floor":37,"gold_loss":0,"cards_obtained":["Decay"]},{"damage_healed":0,"gold_gain":0,"player_choice":"Fight","damage_taken":0,"max_hp_gain":0,"max_hp_loss":0,"event_name":"Mysterious Sphere","floor":47,"gold_loss":0}],"is_beta":true,"boss_relics":[{"not_picked":["Black Star","Busted Crown"],"picked":"Runic Pyramid"},{"not_picked":["White Beast Statue","Pandora\u0027s Box"],"picked":"Philosopher\u0027s Stone"}],"items_purged_floors":[10,46,54],"is_endless":false,"potions_floor_spawned":[7,11,12,13,16,18,20,28,33,36,40,42,45],"ascension_level":20}