{"gold_per_floor":[117,117,117,117,39,39,64,76,144,69,87,87,142,156,156,235,235,253,268,268,268,282,282,301,35,90,90,140,140,153,173,173,244,244,262,276,288,288,288,288,288,288,588,33,62,73,100,117,117,117,117,117,117,31,61,61],"floor_reached":56,"playtime":4471,"items_purged":["Strike_G"],"score":1955,"play_id":"d7326143-dcb9-47a9-a540-0036c0c6bf71","local_time":"20190425213843","is_ascension_mode":true,"campfire_choices":[{"data":"Dash","floor":6,"key":"SMITH"},{"data":"Noxious Fumes","floor":12,"key":"SMITH"},{"data":"Footwork","floor":15,"key":"SMITH"},{"data":"A Thousand Cuts","floor":23,"key":"SMITH"},{"data":"Well Laid Plans","floor":29,"key":"SMITH"},{"data":"Bouncing Flask","floor":32,"key":"SMITH"},{"data":"PiercingWail","floor":40,"key":"SMITH"},{"data":"PiercingWail","floor":42,"key":"SMITH"},{"floor":49,"key":"RECALL"},{"data":"Tactician","floor":53,"key":"SMITH"}],"neow_cost":"NONE","seed_source_timestamp":289496458124503,"circlet_count":0,"master_deck":["AscendersBane","Defend_G","Defend_G","Defend_G","Defend_G","Survivor","Neutralize+1","Dash+1","Well Laid Plans+1","Cloak And Dagger","Bouncing Flask+1","Noxious Fumes+1","Deadly Poison+1","Footwork+1","A Thousand Cuts+1","Quick Slash+1","Deflect","RitualDagger","Predator","PiercingWail+1","Calculated Gamble+1","Grand Finale+1","Backflip+1","Deflect","PiercingWail+1","Dodge and Roll","Calculated Gamble+1","Noxious Fumes","Tactician+1","Leg Sweep","Malaise"],"relics":["Ring of the Snake","NeowsBlessing","Bottled Tornado","Bottled Flame","Tiny Chest","Coffee Dripper","Nilry\u0027s Codex","Snake Skull","Astrolabe","Darkstone Periapt","Old Coin","Pantograph","OrangePellets","Happy Flower","Strawberry","War Paint"],"potions_floor_usage":[22,45,46,47,50,56],"damage_taken":[{"damage":0,"enemies":"Jaw Worm","floor":1,"turns":1},{"damage":0,"enemies":"Gremlin Nob","floor":7,"turns":1},{"damage":0,"enemies":"Small Slimes","floor":8,"turns":1},{"damage":0,"enemies":"2 Louse","floor":11,"turns":2},{"damage":7,"enemies":"3 Sentries","floor":13,"turns":8},{"damage":3,"enemies":"Large Slime","floor":14,"turns":7},{"damage":0,"enemies":"Hexaghost","floor":16,"turns":9},{"damage":0,"enemies":"Chosen","floor":18,"turns":5},{"damage":0,"enemies":"3 Byrds","floor":19,"turns":6},{"damage":1,"enemies":"Centurion and Healer","floor":22,"turns":8},{"damage":1,"enemies":"Shelled Parasite and Fungi","floor":24,"turns":8},{"damage":0,"enemies":"Cultist and Chosen","floor":30,"turns":5},{"damage":1,"enemies":"Snecko","floor":31,"turns":5},{"damage":9,"enemies":"Automaton","floor":33,"turns":9},{"damage":3,"enemies":"Orb Walker","floor":35,"turns":4},{"damage":0,"enemies":"3 Shapes","floor":36,"turns":4},{"damage":23,"enemies":"Spire Growth","floor":37,"turns":4},{"damage":22,"enemies":"Giant Head","floor":45,"turns":9},{"damage":7,"enemies":"Maw","floor":46,"turns":7},{"damage":18,"enemies":"Reptomancer","floor":47,"turns":6},{"damage":0,"enemies":"Sphere and 2 Shapes","floor":48,"turns":5},{"damage":26,"enemies":"Donu and Deca","floor":50,"turns":11},{"damage":24,"enemies":"Awakened One","floor":51,"turns":22},{"damage":55,"enemies":"Shield and Spear","floor":55,"turns":10},{"damage":52,"enemies":"The Heart","floor":56,"turns":2}],"seed_played":"-5016016427026648952","potions_obtained":[{"floor":8,"key":"SpeedPotion"},{"floor":16,"key":"SpeedPotion"},{"floor":30,"key":"Dexterity Potion"},{"floor":45,"key":"Regen Potion"},{"floor":46,"key":"GhostInAJar"},{"floor":47,"key":"Dexterity Potion"}],"is_trial":false,"path_per_floor":["M","?","?","?","$","R","E","M","T","?","M","R","E","M","R","B",null,"M","M","?","?","M","R","M","$","T","?","?","R","M","M","R","B",null,"M","M","M","?","?","R","T","R","T","$","E","M","E","M","R","B","B",null,"R","$","E","B"],"character_chosen":"THE_SILENT","items_purchased":["Well Laid Plans","PiercingWail","Snake Skull","Pantograph","OrangePellets","Dodge and Roll","Leg Sweep"],"campfire_rested":0,"item_purchase_floors":[5,25,25,44,44,44,54],"current_hp_per_floor":[59,59,52,57,57,57,57,57,57,57,57,57,50,47,47,47,65,65,65,59,38,37,37,36,36,36,16,16,16,16,15,15,6,59,56,56,33,33,33,33,33,33,33,33,11,19,8,8,8,7,8,61,61,61,6,0],"gold":61,"neow_bonus":"THREE_ENEMY_KILL","is_prod":false,"is_daily":false,"chose_seed":false,"campfire_upgraded":9,"win_rate":0,"timestamp":1556253523,"path_taken":["M","?","?","?","$","R","E","M","T","?","M","R","E","?","R","BOSS","M","?","?","?","M","R","M","$","T","?","?","R","M","?","R","BOSS","M","M","M","?","?","R","?","R","T","$","E","M","E","M","R","BOSS","BOSS","R","$","E","BOSS"],"build_version":"2019-04-23","purchased_purges":1,"victory":false,"max_hp_per_floor":[66,66,66,71,71,71,71,71,71,71,71,71,71,71,71,71,71,71,71,71,71,71,71,71,71,71,76,76,76,76,76,76,76,76,76,76,76,72,72,72,72,72,72,72,72,72,79,79,79,79,79,79,79,79,79,79],"card_choices":[{"not_picked":["Prepared","Quick Slash"],"picked":"Dash","floor":1},{"not_picked":["Blade Dance","Outmaneuver"],"picked":"Cloak And Dagger","floor":7},{"not_picked":["PiercingWail","Dagger Throw"],"picked":"Bouncing Flask","floor":8},{"not_picked":["Riddle With Holes","Dagger Throw"],"picked":"Noxious Fumes","floor":11},{"not_picked":["Dodge and Roll","Escape Plan"],"picked":"Deadly Poison","floor":13},{"not_picked":["Poisoned Stab","All Out Attack"],"picked":"Footwork","floor":14},{"not_picked":["Venomology","Glass Knife"],"picked":"A Thousand Cuts","floor":16},{"not_picked":["Noxious Fumes","Deadly Poison"],"picked":"Quick Slash+1","floor":18},{"not_picked":["Prepared","Calculated Gamble"],"picked":"Deflect","floor":19},{"not_picked":["Sucker Punch","Deflect","A Thousand Cuts"],"picked":"SKIP","floor":22},{"not_picked":["Caltrops","Calculated Gamble"],"picked":"Predator","floor":24},{"not_picked":["Flechettes","Outmaneuver","Prepared"],"picked":"SKIP","floor":30},{"not_picked":["Deadly Poison","Dagger Throw","Acrobatics"],"picked":"SKIP","floor":31},{"not_picked":["Bouncing Flask","Bane"],"picked":"Deflect","floor":35},{"not_picked":["Backflip","Dagger Throw+1"],"picked":"PiercingWail","floor":36},{"not_picked":["Quick Slash","Flying Knee","Poisoned Stab"],"picked":"SKIP","floor":37},{"not_picked":["Blade Dance","Poisoned Stab"],"picked":"Calculated Gamble","floor":45},{"not_picked":["Quick Slash","Deadly Poison","Backstab"],"picked":"SKIP","floor":46},{"not_picked":["Deadly Poison","Tactician"],"picked":"Noxious Fumes","floor":47},{"not_picked":["Bane","Underhanded Strike+1"],"picked":"Tactician","floor":48},{"not_picked":["Choke","Blade Dance"],"picked":"Malaise","floor":55}],"player_experience":5865007,"relics_obtained":[{"floor":7,"key":"Bottled Tornado"},{"floor":9,"key":"Bottled Flame"},{"floor":13,"key":"Tiny Chest"},{"floor":21,"key":"Nilry\u0027s Codex"},{"floor":41,"key":"Darkstone Periapt"},{"floor":43,"key":"Old Coin"},{"floor":45,"key":"Happy Flower"},{"floor":47,"key":"Strawberry"},{"floor":55,"key":"War Paint"}],"event_choices":[{"damage_healed":0,"gold_gain":0,"player_choice":"Grow","damage_taken":0,"max_hp_gain":0,"max_hp_loss":0,"event_name":"Living Wall","floor":2,"gold_loss":0,"cards_upgraded":["Neutralize"]},{"cards_removed":["Strike_G"],"damage_healed":0,"gold_gain":0,"player_choice":"Card Removal","damage_taken":7,"max_hp_gain":0,"max_hp_loss":0,"event_name":"Golden Wing","floor":3,"gold_loss":0},{"damage_healed":0,"gold_gain":0,"player_choice":"Donut","damage_taken":0,"max_hp_gain":5,"max_hp_loss":0,"event_name":"Big Fish","floor":4,"gold_loss":0},{"cards_removed":["Strike_G"],"damage_healed":0,"gold_gain":0,"player_choice":"Card Removal","damage_taken":0,"max_hp_gain":0,"max_hp_loss":0,"event_name":"The Cleric","floor":10,"gold_loss":75},{"damage_healed":0,"gold_gain":0,"player_choice":"Joined the Cult","damage_taken":6,"max_hp_gain":0,"max_hp_loss":0,"event_name":"Nest","floor":20,"gold_loss":0,"cards_obtained":["RitualDagger"]},{"damage_healed":0,"gold_gain":0,"player_choice":"Obtained Book","damage_taken":21,"max_hp_gain":0,"max_hp_loss":0,"event_name":"Cursed Tome","floor":21,"gold_loss":0},{"damage_healed":0,"gold_gain":0,"player_choice":"Shed Blood","damage_taken":25,"max_hp_gain":5,"max_hp_loss":0,"event_name":"Forgotten Altar","floor":27,"gold_loss":0},{"damage_healed":0,"gold_gain":50,"player_choice":"Pray","damage_taken":0,"max_hp_gain":0,"max_hp_loss":0,"event_name":"Golden Shrine","floor":28,"gold_loss":0},{"damage_healed":0,"gold_gain":0,"player_choice":"Max HP","damage_taken":0,"max_hp_gain":0,"max_hp_loss":4,"event_name":"Winding Halls","floor":38,"gold_loss":0},{"damage_healed":0,"gold_gain":0,"player_choice":"Ignored","damage_taken":0,"max_hp_gain":0,"max_hp_loss":0,"event_name":"Tomb of Lord Red Mask","floor":39,"gold_loss":0}],"is_beta":true,"boss_relics":[{"not_picked":["Busted Crown","Runic Dome"],"picked":"Coffee Dripper"},{"not_picked":["WristBlade","Runic Pyramid"],"picked":"Astrolabe"}],"items_purged_floors":[25],"is_endless":false,"potions_floor_spawned":[8,16,30,33,37,45,46,47,48],"killed_by":"The Heart","ascension_level":20}