{"gold_per_floor":[111,36,48,48,69,105,52,30,30,30],"floor_reached":10,"playtime":422,"items_purged":[],"score":136,"play_id":"1f6443dc-1ea6-40fe-87b1-f0212a385e06","local_time":"20190502202257","is_ascension_mode":true,"campfire_choices":[],"neow_cost":"NONE","seed_source_timestamp":212239358258720,"circlet_count":0,"master_deck":["AscendersBane","Strike_B","Strike_B","Strike_B","Defend_B","Defend_B","Defend_B","Defend_B","Zap","Dualcast","Reinforced Body","Loop","Beam Cell","Reinforced Body","Rip and Tear"],"relics":["Snecko Eye","Golden Idol","Sundial"],"potions_floor_usage":[6,8,10],"damage_taken":[{"damage":1,"enemies":"2 Louse","floor":1,"turns":2},{"damage":2,"enemies":"Jaw Worm","floor":3,"turns":5},{"damage":8,"enemies":"Cultist","floor":5,"turns":5},{"damage":38,"enemies":"Lagavulin","floor":6,"turns":8},{"damage":0,"enemies":"Exordium Thugs","floor":8,"turns":4},{"damage":16,"enemies":"3 Louse","floor":10,"turns":1}],"seed_played":"-5681305748151099845","potions_obtained":[{"floor":1,"key":"Strength Potion"},{"floor":8,"key":"Poison Potion"}],"is_trial":false,"path_per_floor":["M","?","M","?","M","E","$","M","T","M"],"character_chosen":"DEFECT","items_purchased":["Fire Potion"],"campfire_rested":0,"item_purchase_floors":[7],"current_hp_per_floor":[63,63,61,61,53,15,15,15,15,0],"gold":30,"neow_bonus":"BOSS_RELIC","is_prod":false,"is_daily":false,"chose_seed":false,"campfire_upgraded":0,"win_rate":0,"timestamp":1556853777,"path_taken":["M","?","M","?","?","E","$","M","T","M"],"build_version":"2019-04-23","purchased_purges":0,"victory":false,"max_hp_per_floor":[71,71,71,64,64,64,64,64,64,64],"card_choices":[{"not_picked":["Hologram","Compile Driver"],"picked":"Reinforced Body","floor":1},{"not_picked":["Steam","White Noise"],"picked":"Loop","floor":3},{"not_picked":["Go for the Eyes","Self Repair"],"picked":"Beam Cell","floor":5},{"not_picked":["Capacitor","Redo"],"picked":"Reinforced Body","floor":6},{"not_picked":["Beam Cell","Amplify"],"picked":"Rip and Tear","floor":8}],"player_experience":6066926,"relics_obtained":[{"floor":6,"key":"Sundial"}],"event_choices":[{"cards_removed":["Strike_B"],"damage_healed":0,"gold_gain":0,"player_choice":"Card Removal","damage_taken":0,"max_hp_gain":0,"max_hp_loss":0,"event_name":"The Cleric","floor":2,"gold_loss":75},{"damage_healed":0,"gold_gain":0,"player_choice":"Lose Max HP","damage_taken":0,"relics_obtained":["Golden Idol"],"max_hp_gain":0,"max_hp_loss":7,"event_name":"Golden Idol","floor":4,"gold_loss":0}],"is_beta":true,"boss_relics":[],"items_purged_floors":[],"is_endless":false,"potions_floor_spawned":[1,8],"killed_by":"3 Louse","ascension_level":20}