{"gold_per_floor":[210,285,295,295,312,312,347,347,370,403,413,442,457,457,457,535,535,513,277,292,312,312],"floor_reached":22,"playtime":1257,"items_purged":["Strike_B"],"score":412,"play_id":"1ae7b7a7-4e3b-4510-b8f2-dca12387126d","local_time":"20190424130759","is_ascension_mode":true,"campfire_choices":[{"data":"Zap","floor":6,"key":"SMITH"},{"data":"Ball Lightning","floor":8,"key":"SMITH"},{"floor":15,"key":"REST"}],"neow_cost":"NONE","seed_source_timestamp":175664852762600,"circlet_count":0,"master_deck":["AscendersBane","Strike_B","Strike_B","Strike_B","Defend_B","Defend_B","Defend_B","Defend_B","Zap+1","Dualcast","Capacitor","Ball Lightning+1","Glacier","BootSequence","Go for the Eyes","Loop+1","Reinforced Body","Electrodynamics","Sweeping Beam","Conserve Battery"],"relics":["Cracked Core","Boot","Regal Pillow","Sundial","Bronze Scales","Fusion Hammer","Omamori"],"potions_floor_usage":[7,13,20],"damage_taken":[{"damage":2,"enemies":"Jaw Worm","floor":1,"turns":5},{"damage":1,"enemies":"2 Louse","floor":3,"turns":3},{"damage":2,"enemies":"Cultist","floor":5,"turns":4},{"damage":8,"enemies":"Gremlin Nob","floor":7,"turns":3},{"damage":27,"enemies":"Lagavulin","floor":10,"turns":9},{"damage":6,"enemies":"Looter","floor":11,"turns":3},{"damage":22,"enemies":"3 Sentries","floor":12,"turns":7},{"damage":0,"enemies":"Gremlin Gang","floor":13,"turns":4},{"damage":16,"enemies":"The Guardian","floor":16,"turns":12},{"damage":11,"enemies":"2 Thieves","floor":18,"turns":4},{"damage":3,"enemies":"Spheric Guardian","floor":20,"turns":4},{"damage":30,"enemies":"Chosen and Byrds","floor":21,"turns":6},{"damage":21,"enemies":"Snecko","floor":22,"turns":3}],"seed_played":"5220318856338333773","potions_obtained":[{"floor":3,"key":"PowerPotion"},{"floor":7,"key":"Strength Potion"},{"floor":10,"key":"Poison Potion"},{"floor":16,"key":"Ancient Potion"},{"floor":21,"key":"Energy Potion"}],"is_trial":false,"path_per_floor":["M","?","M","?","M","R","E","R","T","E","M","E","M","?","R","B",null,"M","$","M","M","M"],"character_chosen":"DEFECT","items_purchased":["Omamori"],"campfire_rested":1,"item_purchase_floors":[19],"current_hp_per_floor":[62,51,50,71,69,69,61,61,61,34,28,6,6,6,42,26,60,49,49,46,16,0],"gold":312,"neow_bonus":"HUNDRED_GOLD","is_prod":false,"is_daily":false,"chose_seed":false,"campfire_upgraded":2,"win_rate":0,"timestamp":1556136479,"path_taken":["M","?","M","?","M","R","E","R","T","E","M","E","?","?","R","BOSS","M","$","?","M","M"],"build_version":"2019-04-23","purchased_purges":1,"victory":false,"max_hp_per_floor":[71,71,71,71,71,71,71,71,71,71,71,71,71,71,71,71,71,71,71,71,71,71],"card_choices":[{"not_picked":["Gash","Heatsinks"],"picked":"Capacitor","floor":1},{"not_picked":["Turbo","Blizzard","Tempest"],"picked":"SKIP","floor":3},{"not_picked":["Heatsinks","Gash"],"picked":"Ball Lightning","floor":5},{"not_picked":["Core Surge","Coolheaded"],"picked":"Glacier","floor":7},{"not_picked":["Barrage","Conserve Battery"],"picked":"BootSequence","floor":10},{"not_picked":["Stack","Turbo"],"picked":"Go for the Eyes","floor":11},{"not_picked":["Go for the Eyes","Recycle"],"picked":"Loop","floor":12},{"not_picked":["Fusion","Rebound"],"picked":"Reinforced Body","floor":13},{"not_picked":["Reboot","Machine Learning"],"picked":"Electrodynamics","floor":16},{"not_picked":["Gash","Recycle"],"picked":"Sweeping Beam","floor":18},{"not_picked":["Sweeping Beam","Melter"],"picked":"Conserve Battery","floor":20},{"not_picked":["Steam","Gash","Streamline"],"picked":"SKIP","floor":21}],"player_experience":5811738,"relics_obtained":[{"floor":7,"key":"Boot"},{"floor":9,"key":"Regal Pillow"},{"floor":10,"key":"Sundial"},{"floor":12,"key":"Bronze Scales"}],"event_choices":[{"damage_healed":0,"gold_gain":75,"player_choice":"Gather Gold","damage_taken":11,"max_hp_gain":0,"max_hp_loss":0,"event_name":"World of Goop","floor":2,"gold_loss":0},{"damage_healed":21,"gold_gain":0,"player_choice":"Full Heal","damage_taken":0,"max_hp_gain":0,"max_hp_loss":0,"event_name":"Wheel of Change","floor":4,"gold_loss":0},{"damage_healed":0,"gold_gain":0,"player_choice":"Upgraded","damage_taken":0,"max_hp_gain":0,"max_hp_loss":0,"event_name":"Upgrade Shrine","floor":14,"gold_loss":0,"cards_upgraded":["Loop"]}],"is_beta":true,"boss_relics":[{"not_picked":["Busted Crown","Inserter"],"picked":"Fusion Hammer"}],"items_purged_floors":[19],"is_endless":false,"potions_floor_spawned":[3,7,10,16,21],"killed_by":"Snecko","ascension_level":20}