{"gold_per_floor":[114,84,104,17,30,30,57,73,97,109,121,133,145,171,183,267,279,306,318,348,376,400,412,424],"floor_reached":24,"playtime":1470,"items_purged":[],"score":396,"play_id":"2f043d3c-1dc1-4ed7-8bc7-b9181ec43769","local_time":"20190428123930","is_ascension_mode":true,"campfire_choices":[{"data":"Flechettes","floor":6,"key":"SMITH"},{"data":"Predator","floor":13,"key":"SMITH"},{"data":"Neutralize","floor":15,"key":"SMITH"},{"data":"Poisoned Stab","floor":23,"key":"SMITH"}],"neow_cost":"PERCENT_DAMAGE","seed_source_timestamp":84169727061434,"circlet_count":0,"master_deck":["AscendersBane","Defend_G","Defend_G","Defend_G","Defend_G","Defend_G","Strike_G","Strike_G","Strike_G","Strike_G","Strike_G","Survivor","Neutralize+1","PiercingWail","Flechettes+1","Predator+1","PiercingWail","All Out Attack","PiercingWail","Backflip","Malaise","Blur+1","Poisoned Stab","Poisoned Stab+1","Footwork"],"relics":["Ring of the Snake","Oddly Smooth Stone","MawBank","Velvet Choker"],"potions_floor_usage":[7,8,16,16,21,24,24],"damage_taken":[{"damage":16,"enemies":"Small Slimes","floor":1,"turns":5},{"damage":0,"enemies":"Cultist","floor":3,"turns":5},{"damage":0,"enemies":"2 Louse","floor":5,"turns":2},{"damage":32,"enemies":"Lagavulin","floor":7,"turns":7},{"damage":0,"enemies":"2 Fungi Beasts","floor":8,"turns":6},{"damage":0,"enemies":"Red Slaver","floor":14,"turns":6},{"damage":18,"enemies":"The Guardian","floor":16,"turns":12},{"damage":5,"enemies":"2 Thieves","floor":18,"turns":4},{"damage":10,"enemies":"Shell Parasite","floor":20,"turns":7},{"damage":7,"enemies":"Shelled Parasite and Fungi","floor":21,"turns":10},{"damage":16,"enemies":"Snecko","floor":22,"turns":7},{"damage":40,"enemies":"Gremlin Leader","floor":24,"turns":7}],"seed_played":"8026588336715702024","potions_obtained":[{"floor":2,"key":"Weak Potion"},{"floor":2,"key":"SkillPotion"},{"floor":3,"key":"PowerPotion"},{"floor":7,"key":"Regen Potion"},{"floor":14,"key":"Explosive Potion"},{"floor":16,"key":"LiquidBronze"},{"floor":18,"key":"Poison Potion"},{"floor":20,"key":"Regen Potion"},{"floor":22,"key":"Dexterity Potion"}],"is_trial":false,"path_per_floor":["M","?","M","$","M","R","E","M","T","$","?","?","R","M","R","B",null,"M","?","M","M","M","R","E"],"character_chosen":"THE_SILENT","items_purchased":["Predator"],"campfire_rested":0,"item_purchase_floors":[4],"current_hp_per_floor":[40,40,40,40,40,40,8,23,23,23,23,23,23,23,23,5,60,55,55,45,53,37,37,0],"gold":424,"neow_bonus":"TWENTY_PERCENT_HP_BONUS","is_prod":false,"is_daily":false,"chose_seed":false,"campfire_upgraded":4,"win_rate":0,"timestamp":1556480370,"path_taken":["M","?","M","$","M","R","E","M","T","$","?","?","R","M","R","BOSS","M","?","?","M","M","R","E"],"build_version":"2019-04-23","purchased_purges":0,"victory":false,"max_hp_per_floor":[78,78,78,78,78,78,78,78,78,78,78,78,78,78,78,78,78,78,78,78,78,78,78,78],"card_choices":[{"not_picked":["Underhanded Strike","Prepared"],"picked":"PiercingWail","floor":1},{"not_picked":["Distraction","Bane"],"picked":"Flechettes","floor":3},{"not_picked":["Blur","Sucker Punch"],"picked":"PiercingWail","floor":5},{"not_picked":["Venomology","Dodge and Roll"],"picked":"All Out Attack","floor":7},{"not_picked":["Slice","Finisher"],"picked":"PiercingWail","floor":8},{"not_picked":["Sucker Punch","Escape Plan"],"picked":"Backflip","floor":14},{"not_picked":["Venomology","Burst"],"picked":"Malaise","floor":16},{"not_picked":["Eviscerate","Flechettes"],"picked":"Blur+1","floor":18},{"not_picked":["Deflect","Outmaneuver+1"],"picked":"Poisoned Stab","floor":20},{"not_picked":["Dodge and Roll+1","Heel Hook"],"picked":"Poisoned Stab","floor":21},{"not_picked":["Bullet Time","Concentrate"],"picked":"Footwork","floor":22}],"player_experience":5915925,"relics_obtained":[{"floor":7,"key":"Oddly Smooth Stone"},{"floor":9,"key":"MawBank"}],"event_choices":[{"damage_healed":0,"gold_gain":0,"player_choice":"Bought 2 Potions","damage_taken":0,"max_hp_gain":0,"max_hp_loss":0,"event_name":"The Woman in Blue","floor":2,"gold_loss":0},{"damage_healed":0,"gold_gain":0,"player_choice":"Searched \u00271\u0027 times","damage_taken":0,"max_hp_gain":0,"max_hp_loss":0,"event_name":"Dead Adventurer","floor":11,"gold_loss":0},{"damage_healed":0,"gold_gain":0,"player_choice":"Ignored","damage_taken":0,"max_hp_gain":0,"max_hp_loss":0,"event_name":"Liars Game","floor":12,"gold_loss":0},{"damage_healed":0,"gold_gain":0,"player_choice":"0 cards matched","damage_taken":0,"max_hp_gain":0,"max_hp_loss":0,"event_name":"Match and Keep!","floor":19,"gold_loss":0,"cards_obtained":[]}],"is_beta":true,"boss_relics":[{"not_picked":["Tiny House","Busted Crown"],"picked":"Velvet Choker"}],"items_purged_floors":[],"is_endless":false,"potions_floor_spawned":[3,7,14,16,18,20,22],"killed_by":"Gremlin Leader","ascension_level":20}