{"gold_per_floor":[118,118,133,133,34,34,52,52,78,93,111,172,197,197,197,197],"floor_reached":16,"playtime":518,"items_purged":["Strike_R"],"score":200,"play_id":"eca4191b-0379-411a-a79e-746663d0e351","local_time":"20190502153845","is_ascension_mode":true,"campfire_choices":[{"data":"Bash","floor":6,"key":"SMITH"},{"data":"Perfected Strike","floor":8,"key":"SMITH"},{"data":"Carnage","floor":15,"key":"SMITH"}],"neow_cost":"NONE","seed_source_timestamp":195091292148732,"circlet_count":0,"master_deck":["AscendersBane","Strike_R","Strike_R","Strike_R","Strike_R+1","Defend_R","Defend_R+1","Defend_R","Defend_R","Bash+1","Perfected Strike+1","Shrug It Off","Shrug It Off","Pommel Strike","Headbutt","Carnage+1"],"relics":["Burning Blood","Bronze Scales","Orichalcum","Anchor","Centennial Puzzle"],"potions_floor_usage":[12,16],"damage_taken":[{"damage":1,"enemies":"Cultist","floor":1,"turns":3},{"damage":3,"enemies":"2 Louse","floor":3,"turns":3},{"damage":0,"enemies":"Jaw Worm","floor":7,"turns":3},{"damage":5,"enemies":"Looter","floor":10,"turns":3},{"damage":4,"enemies":"Red Slaver","floor":11,"turns":3},{"damage":28,"enemies":"Lagavulin Event","floor":12,"turns":4},{"damage":20,"enemies":"Gremlin Nob","floor":13,"turns":4},{"damage":36,"enemies":"The Guardian","floor":16,"turns":9}],"seed_played":"4804442522557677424","potions_obtained":[{"floor":7,"key":"AttackPotion"},{"floor":12,"key":"PowerPotion"}],"is_trial":false,"path_per_floor":["M","?","M","?","$","R","M","R","T","M","M","?","E","?","R","B"],"character_chosen":"IRONCLAD","items_purchased":["Shrug It Off"],"campfire_rested":0,"item_purchase_floors":[5],"current_hp_per_floor":[80,55,58,58,58,58,64,64,64,65,67,45,31,36,36,0],"gold":197,"neow_bonus":"TEN_PERCENT_HP_BONUS","is_prod":false,"is_daily":false,"chose_seed":false,"campfire_upgraded":3,"win_rate":0,"timestamp":1556836725,"path_taken":["M","?","M","?","$","R","?","R","T","M","M","?","E","?","R","BOSS"],"build_version":"2019-04-23","purchased_purges":1,"victory":false,"max_hp_per_floor":[82,82,82,82,82,82,82,82,82,82,82,82,82,87,87,87],"card_choices":[{"not_picked":["Warcry","Fire Breathing"],"picked":"Perfected Strike","floor":1},{"not_picked":["Clash","Iron Wave"],"picked":"Clothesline","floor":3},{"not_picked":["Warcry","Reckless Charge"],"picked":"Shrug It Off","floor":7},{"not_picked":["Rage","Entrench","Heavy Blade"],"picked":"SKIP","floor":10},{"not_picked":["Clash","Berserk"],"picked":"Pommel Strike","floor":11},{"not_picked":["Intimidate","Seeing Red"],"picked":"Headbutt","floor":12},{"not_picked":["Dual Wield","Sword Boomerang"],"picked":"Carnage","floor":13}],"player_experience":6061026,"relics_obtained":[{"floor":9,"key":"Orichalcum"},{"floor":12,"key":"Anchor"},{"floor":13,"key":"Centennial Puzzle"}],"event_choices":[{"damage_healed":0,"gold_gain":0,"player_choice":"Entered Light","damage_taken":25,"max_hp_gain":0,"max_hp_loss":0,"event_name":"Shining Light","floor":2,"gold_loss":0,"cards_upgraded":["Defend_R","Strike_R"]},{"cards_removed":["Clothesline"],"damage_healed":0,"gold_gain":0,"player_choice":"Gave Card","damage_taken":0,"relics_obtained":["Bronze Scales"],"max_hp_gain":0,"max_hp_loss":0,"event_name":"WeMeetAgain","floor":4,"gold_loss":0},{"damage_healed":0,"gold_gain":30,"player_choice":"Searched \u00273\u0027 times","damage_taken":0,"max_hp_gain":0,"max_hp_loss":0,"event_name":"Dead Adventurer","floor":12,"gold_loss":0},{"damage_healed":0,"gold_gain":0,"player_choice":"Donut","damage_taken":0,"max_hp_gain":5,"max_hp_loss":0,"event_name":"Big Fish","floor":14,"gold_loss":0}],"is_beta":true,"boss_relics":[],"items_purged_floors":[5],"is_endless":false,"potions_floor_spawned":[7,12],"killed_by":"The Guardian","ascension_level":20}