{"gold_per_floor":[118,118,268,268,23,50,50,50,73,87,12,12,29,93,93,93],"floor_reached":16,"playtime":733,"items_purged":["Strike_G"],"score":212,"play_id":"c215e70a-eb1c-42bd-875c-ee260775cadc","local_time":"20190429134528","is_ascension_mode":true,"campfire_choices":[{"data":"Noxious Fumes","floor":7,"key":"SMITH"},{"data":"Neutralize","floor":12,"key":"SMITH"},{"floor":15,"key":"REST"}],"neow_cost":"NONE","seed_source_timestamp":175267102081028,"circlet_count":0,"master_deck":["AscendersBane","Defend_G","Defend_G","Defend_G","Defend_G","Defend_G","Strike_G","Strike_G","Strike_G","Strike_G","Survivor","Neutralize+1","PiercingWail","Noxious Fumes+1","Dodge and Roll","Deadly Poison","Deadly Poison","Backflip"],"relics":["Ring of the Snake","Juzu Bracelet","PreservedInsect","Dream Catcher","Anchor","Tiny Chest"],"potions_floor_usage":[6,14,16],"damage_taken":[{"damage":1,"enemies":"2 Louse","floor":1,"turns":4},{"damage":14,"enemies":"3 Sentries","floor":6,"turns":8},{"damage":0,"enemies":"Cultist","floor":10,"turns":5},{"damage":0,"enemies":"Small Slimes","floor":13,"turns":4},{"damage":3,"enemies":"Gremlin Nob","floor":14,"turns":3},{"damage":56,"enemies":"Slime Boss","floor":16,"turns":12}],"seed_played":"-563492776774108404","potions_obtained":[{"floor":0,"key":"AttackPotion"},{"floor":0,"key":"Swift Potion"},{"floor":1,"key":"Poison Potion"},{"floor":6,"key":"Energy Potion"}],"is_trial":false,"path_per_floor":["M","?","?","?","$","E","R","?","T","M","$","R","M","E","R","B"],"character_chosen":"THE_SILENT","items_purchased":["Noxious Fumes","PreservedInsect"],"campfire_rested":1,"item_purchase_floors":[5,5],"current_hp_per_floor":[58,53,53,49,49,35,35,35,35,35,35,35,35,32,51,0],"gold":93,"neow_bonus":"THREE_SMALL_POTIONS","is_prod":false,"is_daily":false,"chose_seed":false,"campfire_upgraded":2,"win_rate":0,"timestamp":1556570728,"path_taken":["M","?","?","?","$","E","R","?","T","M","?","R","M","E","R","BOSS"],"build_version":"2019-04-23","purchased_purges":1,"victory":false,"max_hp_per_floor":[66,66,66,66,66,66,66,66,66,66,66,66,66,66,66,66],"card_choices":[{"not_picked":["Tactician","Acrobatics"],"picked":"PiercingWail","floor":1},{"not_picked":["Blade Dance","Sucker Punch"],"picked":"Dodge and Roll","floor":6},{"not_picked":["Poisoned Stab","Caltrops"],"picked":"Deadly Poison","floor":10},{"not_picked":["Quick Slash","Choke"],"picked":"Deadly Poison","floor":13},{"not_picked":["Quick Slash","Tools of the Trade","Heel Hook"],"picked":"SKIP","floor":14},{"not_picked":["Quick Slash","Tools of the Trade","Heel Hook"],"picked":"SKIP","floor":14},{"not_picked":["Finisher","Flying Knee"],"picked":"Backflip","floor":15}],"player_experience":5951675,"relics_obtained":[{"floor":6,"key":"Dream Catcher"},{"floor":9,"key":"Anchor"},{"floor":14,"key":"Tiny Chest"}],"event_choices":[{"damage_healed":0,"gold_gain":0,"player_choice":"Success","damage_taken":5,"relics_obtained":["Juzu Bracelet"],"max_hp_gain":0,"max_hp_loss":0,"event_name":"Scrap Ooze","floor":2,"gold_loss":0},{"damage_healed":0,"gold_gain":150,"player_choice":"AGREE","damage_taken":0,"max_hp_gain":0,"max_hp_loss":0,"event_name":"Liars Game","floor":3,"gold_loss":0,"cards_obtained":["Doubt"]},{"damage_healed":0,"gold_gain":0,"player_choice":"Bought 0 Potions","damage_taken":0,"max_hp_gain":0,"max_hp_loss":0,"event_name":"The Woman in Blue","floor":4,"gold_loss":0},{"cards_removed":["Doubt"],"damage_healed":0,"gold_gain":0,"player_choice":"Purged","damage_taken":0,"max_hp_gain":0,"max_hp_loss":0,"event_name":"Purifier","floor":8,"gold_loss":0}],"is_beta":true,"boss_relics":[],"items_purged_floors":[11],"is_endless":false,"potions_floor_spawned":[1,6],"killed_by":"Slime Boss","ascension_level":20}