{"gold_per_floor":[117,392,155,175,187,187,214,227,227,227,255,19,19,29,29,106,106,124,49,49,61,11,43,43,69,69,95,95,123,133,149,149,223,223,237,74,90,103,118,118,129,160,160,170,170,200,200,200,200,200,200,200,200,56,56],"floor_reached":55,"playtime":4737,"items_purged":["Regret","Strike_B"],"score":2280,"play_id":"0d200d7d-3e81-4612-a538-534093ee7a40","local_time":"20190423170449","is_ascension_mode":true,"campfire_choices":[{"data":"Beam Cell","floor":6,"key":"SMITH"},{"floor":10,"key":"REST"},{"data":"Hyperbeam","floor":13,"key":"SMITH"},{"data":"Doom and Gloom","floor":15,"key":"SMITH"},{"data":"Hologram","floor":24,"key":"SMITH"},{"data":"Hologram","floor":32,"key":"SMITH"},{"data":"Biased Cognition","floor":40,"key":"SMITH"},{"floor":45,"key":"RECALL"},{"data":"Hologram","floor":47,"key":"SMITH"},{"data":"Consume","floor":49,"key":"SMITH"},{"data":"Thunder Strike","floor":53,"key":"SMITH"}],"neow_cost":"NONE","seed_source_timestamp":99998654127333,"circlet_count":0,"master_deck":["AscendersBane","Defend_B","Defend_B","Defend_B","Defend_B","Zap","Dualcast","FTL+1","Beam Cell+1","FTL","Genetic Algorithm","Hyperbeam+1","BootSequence","Doom and Gloom+1","All For One","Bite","Bite","Bite","Bite","Bite","Hologram+1","Conserve Battery","Consume+1","Thunder Strike+1","Coolheaded","Hologram+1","Biased Cognition+1","Undo","Hologram+1","Coolheaded+1","Conserve Battery","Electrodynamics","Double Energy+1","Double Energy","Seek","Tempest"],"relics":["Cracked Core","Whetstone","Pen Nib","Pantograph","Ice Cream","Snecko Eye","Happy Flower","Ancient Tea Set","Prayer Wheel","Lantern","Pear","Coffee Dripper","Oddly Smooth Stone","Ornamental Fan","Thread and Needle"],"potions_floor_usage":[11,33,42],"damage_taken":[{"damage":1,"enemies":"Cultist","floor":1,"turns":3},{"damage":8,"enemies":"2 Louse","floor":4,"turns":4},{"damage":12,"enemies":"Jaw Worm","floor":5,"turns":2},{"damage":35,"enemies":"3 Sentries","floor":7,"turns":7},{"damage":1,"enemies":"Large Slime","floor":8,"turns":5},{"damage":7,"enemies":"Lagavulin","floor":11,"turns":4},{"damage":0,"enemies":"2 Fungi Beasts","floor":14,"turns":2},{"damage":0,"enemies":"Slime Boss","floor":16,"turns":4},{"damage":22,"enemies":"Spheric Guardian","floor":18,"turns":4},{"damage":3,"enemies":"3 Byrds","floor":21,"turns":3},{"damage":0,"enemies":"Gremlin Leader","floor":23,"turns":3},{"damage":6,"enemies":"Book of Stabbing","floor":25,"turns":3},{"damage":0,"enemies":"Slavers","floor":27,"turns":1},{"damage":11,"enemies":"Book of Stabbing","floor":29,"turns":3},{"damage":1,"enemies":"Centurion and Healer","floor":30,"turns":3},{"damage":37,"enemies":"Shelled Parasite and Fungi","floor":31,"turns":5},{"damage":1,"enemies":"Champ","floor":33,"turns":5},{"damage":1,"enemies":"Orb Walker","floor":35,"turns":2},{"damage":0,"enemies":"3 Darklings","floor":37,"turns":3},{"damage":46,"enemies":"Transient","floor":38,"turns":6},{"damage":28,"enemies":"Writhing Mass","floor":39,"turns":6},{"damage":0,"enemies":"Sphere and 2 Shapes","floor":41,"turns":4},{"damage":21,"enemies":"Reptomancer","floor":42,"turns":5},{"damage":0,"enemies":"3 Darklings","floor":44,"turns":3},{"damage":3,"enemies":"Giant Head","floor":46,"turns":5},{"damage":17,"enemies":"Awakened One","floor":50,"turns":21},{"damage":21,"enemies":"Donu and Deca","floor":51,"turns":8},{"damage":66,"enemies":"Shield and Spear","floor":55,"turns":5}],"seed_played":"5040525958782156953","potions_obtained":[{"floor":1,"key":"SpeedPotion"},{"floor":8,"key":"Swift Potion"},{"floor":21,"key":"PowerPotion"},{"floor":27,"key":"GamblersBrew"},{"floor":33,"key":"PowerPotion"},{"floor":37,"key":"Ancient Potion"}],"is_trial":false,"path_per_floor":["M","?","$","M","M","R","E","M","T","R","E","$","R","M","R","B",null,"M","?","?","M","$","E","R","E","T","E","?","E","M","M","R","B",null,"M","$","M","M","M","R","M","E","T","M","R","E","R","$","R","B","B",null,"R","$","E"],"character_chosen":"DEFECT","items_purchased":["Whetstone","Strength Potion","BootSequence","Hologram","Oddly Smooth Stone","Tempest","Energy Potion"],"campfire_rested":1,"item_purchase_floors":[3,12,12,22,36,54,54],"current_hp_per_floor":[70,70,70,62,50,50,15,14,14,37,30,30,30,30,30,55,72,50,50,50,51,51,54,54,52,52,54,54,53,60,39,39,64,64,64,64,64,26,12,12,46,41,41,61,61,64,64,64,64,64,57,62,62,62,0],"gold":56,"neow_bonus":"TEN_PERCENT_HP_BONUS","is_prod":false,"is_daily":false,"chose_seed":false,"campfire_upgraded":9,"win_rate":0,"timestamp":1556064289,"path_taken":["M","?","$","?","M","R","E","M","T","R","E","$","R","M","R","BOSS","M","?","?","M","$","E","R","E","T","E","?","E","?","M","R","BOSS","M","$","M","M","M","R","M","E","T","M","R","E","R","$","R","BOSS","BOSS","R","$","E"],"build_version":"2019-04-21","purchased_purges":2,"victory":false,"max_hp_per_floor":[78,78,78,78,78,78,78,78,78,78,78,78,78,78,78,78,78,78,78,54,54,54,54,54,54,54,54,54,64,64,64,64,64,64,64,64,64,64,64,64,64,64,64,64,64,64,64,64,64,64,64,64,64,64,64],"card_choices":[{"not_picked":["Redo","Barrage"],"picked":"FTL","floor":1},{"not_picked":["Tempest","Blizzard"],"picked":"Beam Cell","floor":4},{"not_picked":["Gash","Rebound"],"picked":"FTL","floor":5},{"not_picked":["Undo","Stack"],"picked":"Genetic Algorithm","floor":7},{"not_picked":["Blizzard","Consume"],"picked":"Gash","floor":8},{"not_picked":["Reprogram","Darkness"],"picked":"Hyperbeam","floor":11},{"not_picked":["Hologram","Go for the Eyes"],"picked":"Doom and Gloom","floor":14},{"not_picked":["Amplify","Multi-Cast"],"picked":"All For One","floor":16},{"not_picked":["Sweeping Beam","Gash","Cold Snap"],"picked":"SKIP","floor":18},{"not_picked":["Stack","Turbo","Compile Driver"],"picked":"SKIP","floor":21},{"not_picked":["Lockon","Static Discharge"],"picked":"Conserve Battery","floor":23},{"not_picked":["Ball Lightning","Leap"],"picked":"Consume","floor":25},{"not_picked":["Ball Lightning","Steam Power"],"picked":"Thunder Strike","floor":27},{"not_picked":["Ball Lightning","Barrage","Sunder"],"picked":"SKIP","floor":29},{"not_picked":["Hello World","Streamline"],"picked":"Coolheaded","floor":30},{"not_picked":["Beam Cell","Streamline","Sweeping Beam"],"picked":"SKIP","floor":30},{"not_picked":["Redo","Sweeping Beam"],"picked":"Hologram","floor":31},{"not_picked":["Amplify","Turbo","Conserve Battery"],"picked":"SKIP","floor":31},{"not_picked":["Multi-Cast","Core Surge"],"picked":"Biased Cognition","floor":33},{"not_picked":["Force Field","Compile Driver"],"picked":"Undo","floor":35},{"not_picked":["Beam Cell","Cold Snap+1"],"picked":"Hologram","floor":35},{"not_picked":["Doom and Gloom","Rip and Tear","Genetic Algorithm"],"picked":"SKIP","floor":37},{"not_picked":["Gash","Cold Snap","Consume"],"picked":"SKIP","floor":37},{"not_picked":["Rebound","Barrage"],"picked":"Coolheaded+1","floor":38},{"not_picked":["Rip and Tear","Beam Cell+1"],"picked":"Conserve Battery","floor":38},{"not_picked":["Conserve Battery+1","Steam","Force Field"],"picked":"SKIP","floor":39},{"not_picked":["Rebound","Skim","Stack"],"picked":"SKIP","floor":39},{"not_picked":["Storm","Stack"],"picked":"Electrodynamics","floor":41},{"not_picked":["Rip and Tear","Steam"],"picked":"Double Energy+1","floor":41},{"not_picked":["Leap","Conserve Battery","Ball Lightning"],"picked":"SKIP","floor":42},{"not_picked":["Compile Driver","Steam+1"],"picked":"Double Energy","floor":44},{"not_picked":["Rebound","Go for the Eyes","Gash"],"picked":"SKIP","floor":44},{"not_picked":["Beam Cell","Auto Shields"],"picked":"Seek","floor":46}],"player_experience":5799854,"relics_obtained":[{"floor":7,"key":"Pen Nib"},{"floor":9,"key":"Pantograph"},{"floor":11,"key":"Ice Cream"},{"floor":23,"key":"Happy Flower"},{"floor":25,"key":"Ancient Tea Set"},{"floor":26,"key":"Prayer Wheel"},{"floor":27,"key":"Lantern"},{"floor":29,"key":"Pear"},{"floor":42,"key":"Ornamental Fan"},{"floor":46,"key":"Thread and Needle"}],"event_choices":[{"damage_healed":0,"gold_gain":275,"player_choice":"Desecrate","damage_taken":0,"max_hp_gain":0,"max_hp_loss":0,"event_name":"Golden Shrine","floor":2,"gold_loss":0,"cards_obtained":["Regret"]},{"cards_removed":["Gash"],"damage_healed":0,"gold_gain":0,"player_choice":"Gave Gold","damage_taken":0,"max_hp_gain":0,"max_hp_loss":0,"event_name":"Beggar","floor":19,"gold_loss":75},{"damage_healed":0,"gold_gain":0,"player_choice":"Became a vampire","damage_taken":0,"max_hp_gain":0,"max_hp_loss":24,"event_name":"Vampires","floor":20,"gold_loss":0,"cards_obtained":["Bite","Bite","Bite","Bite","Bite"]},{"damage_healed":0,"gold_gain":0,"player_choice":"Full Heal","damage_taken":0,"max_hp_gain":0,"max_hp_loss":0,"event_name":"Wheel of Change","floor":28,"gold_loss":0}],"is_beta":true,"boss_relics":[{"not_picked":["Astrolabe","Nuclear Battery"],"picked":"Snecko Eye"},{"not_picked":["Pandora\u0027s Box","Black Star"],"picked":"Coffee Dripper"}],"items_purged_floors":[3,12],"is_endless":false,"potions_floor_spawned":[1,8,21,27,29,33,35,37,38,41],"killed_by":"Shield and Spear","ascension_level":20}