{"gold_per_floor":[113,188,238,258,16,16,26,26,77,77,87,87,115,131,131,202,202,220,248,30,30,30,30,60,92,92,92,92,111,144,158,158,158],"floor_reached":33,"playtime":1634,"items_purged":["Strike_B"],"score":616,"play_id":"9298c98e-8c7a-4f0f-9a9d-279bac8782d2","local_time":"20190426142155","is_ascension_mode":true,"campfire_choices":[{"data":"Defend_B","floor":6,"key":"SMITH"},{"data":"Doom and Gloom","floor":8,"key":"SMITH"},{"data":"Defend_B","floor":10,"key":"SMITH"},{"data":"Undo","floor":15,"key":"SMITH"},{"floor":23,"key":"REST"},{"data":"Static Discharge","floor":28,"key":"SMITH"},{"data":"Ghostly","floor":32,"key":"SMITH"}],"neow_cost":"NONE","seed_source_timestamp":352524142814619,"circlet_count":0,"master_deck":["AscendersBane","Strike_B+1","Strike_B+1","Strike_B","Defend_B+1","Defend_B+1","Defend_B","Defend_B","Zap+1","Dualcast","Melter","Ball Lightning","Doom and Gloom+1","Undo+1","Compile Driver","Core Surge","Static Discharge+1","Barrage","Go for the Eyes","Ghostly","Ghostly","Ghostly+1","Barrage"],"relics":["Cracked Core","Pen Nib","DataDisk","Potion Belt","Whetstone","Sundial","Inserter","Red Mask","OrangePellets","MutagenicStrength","Tiny Chest","Shuriken","Meat on the Bone","Centennial Puzzle"],"potions_floor_usage":[13,19,19,25,29,33],"damage_taken":[{"damage":7,"enemies":"Small Slimes","floor":1,"turns":3},{"damage":0,"enemies":"Jaw Worm","floor":4,"turns":3},{"damage":0,"enemies":"2 Louse","floor":7,"turns":2},{"damage":0,"enemies":"2 Fungi Beasts","floor":11,"turns":2},{"damage":0,"enemies":"Lagavulin","floor":13,"turns":4},{"damage":8,"enemies":"Blue Slaver","floor":14,"turns":3},{"damage":11,"enemies":"The Guardian","floor":16,"turns":9},{"damage":0,"enemies":"Spheric Guardian","floor":18,"turns":3},{"damage":16,"enemies":"Masked Bandits","floor":19,"turns":3},{"damage":25,"enemies":"2 Thieves","floor":22,"turns":4},{"damage":27,"enemies":"Book of Stabbing","floor":25,"turns":4},{"damage":8,"enemies":"Snake Plant","floor":29,"turns":3},{"damage":5,"enemies":"Gremlin Leader","floor":30,"turns":3},{"damage":9,"enemies":"3 Cultists","floor":31,"turns":4},{"damage":40,"enemies":"Champ","floor":33,"turns":7}],"seed_played":"1532290852389769087","potions_obtained":[{"floor":1,"key":"FearPotion"},{"floor":4,"key":"Poison Potion"},{"floor":13,"key":"Fire Potion"},{"floor":16,"key":"SkillPotion"},{"floor":18,"key":"Weak Potion"},{"floor":19,"key":"SteroidPotion"}],"is_trial":false,"path_per_floor":["M","?","T","M","$","R","M","R","T","R","M","T","E","M","R","B",null,"M","?","$","?","M","R","T","E","T","?","R","M","E","M","R","B"],"character_chosen":"DEFECT","items_purchased":["DataDisk","OrangePellets"],"campfire_rested":1,"item_purchase_floors":[5,20],"current_hp_per_floor":[57,46,46,46,46,46,46,46,46,46,46,46,46,38,38,27,60,60,44,44,44,19,40,40,13,13,13,13,17,24,27,27,0],"gold":158,"neow_bonus":"UPGRADE_CARD","is_prod":false,"is_daily":false,"chose_seed":false,"campfire_upgraded":6,"win_rate":0,"timestamp":1556313715,"path_taken":["M","?","?","M","$","R","M","R","T","R","M","?","E","M","R","BOSS","M","?","$","?","M","R","?","E","T","?","R","M","E","M","R","BOSS"],"build_version":"2019-04-23","purchased_purges":1,"victory":false,"max_hp_per_floor":[71,71,71,71,71,71,71,71,71,71,71,71,71,71,71,71,71,71,71,71,71,71,71,71,71,71,35,35,35,35,35,35,35],"card_choices":[{"not_picked":["Capacitor","Aggregate"],"picked":"Melter","floor":1},{"not_picked":["Aggregate","Go for the Eyes"],"picked":"Ball Lightning","floor":4},{"not_picked":["Go for the Eyes","Beam Cell"],"picked":"Doom and Gloom","floor":7},{"not_picked":["Stack","Tempest"],"picked":"Undo","floor":11},{"not_picked":["Lockon","Stack"],"picked":"Compile Driver","floor":13},{"not_picked":["Stack","Amplify","Beam Cell"],"picked":"SKIP","floor":14},{"not_picked":["Buffer","Rainbow"],"picked":"Core Surge","floor":16},{"not_picked":["Redo","Go for the Eyes"],"picked":"Static Discharge","floor":18},{"not_picked":["Streamline","Ball Lightning"],"picked":"Barrage","floor":19},{"not_picked":["Leap","Compile Driver","Sunder"],"picked":"SKIP","floor":22},{"not_picked":["Compile Driver+1","Steam"],"picked":"Go for the Eyes","floor":25},{"not_picked":["Amplify","Ball Lightning","Genetic Algorithm"],"picked":"SKIP","floor":29},{"not_picked":["Hologram","Fusion"],"picked":"Barrage","floor":30},{"not_picked":["Sweeping Beam+1","Scrape","Blizzard"],"picked":"SKIP","floor":31}],"player_experience":5878459,"relics_obtained":[{"floor":3,"key":"Pen Nib"},{"floor":9,"key":"Potion Belt"},{"floor":12,"key":"Whetstone"},{"floor":13,"key":"Sundial"},{"floor":19,"key":"Red Mask"},{"floor":24,"key":"Tiny Chest"},{"floor":25,"key":"Shuriken"},{"floor":26,"key":"Meat on the Bone"},{"floor":30,"key":"Centennial Puzzle"}],"event_choices":[{"damage_healed":0,"gold_gain":75,"player_choice":"Gather Gold","damage_taken":11,"max_hp_gain":0,"max_hp_loss":0,"event_name":"World of Goop","floor":2,"gold_loss":0},{"damage_healed":0,"gold_gain":0,"player_choice":"Fought Bandits","damage_taken":0,"max_hp_gain":0,"max_hp_loss":0,"event_name":"Masked Bandits","floor":19,"gold_loss":0},{"damage_healed":0,"gold_gain":0,"player_choice":"Inject Mutagens","damage_taken":0,"relics_obtained":["MutagenicStrength"],"max_hp_gain":0,"max_hp_loss":0,"event_name":"Drug Dealer","floor":21,"gold_loss":0},{"damage_healed":0,"gold_gain":0,"player_choice":"Became a Ghost","damage_taken":0,"max_hp_gain":0,"max_hp_loss":36,"event_name":"Ghosts","floor":27,"gold_loss":0,"cards_obtained":["Ghostly","Ghostly","Ghostly"]}],"is_beta":true,"boss_relics":[{"not_picked":["FrozenCore","Runic Dome"],"picked":"Inserter"}],"items_purged_floors":[5],"is_endless":false,"potions_floor_spawned":[1,4,13,16,18,19],"killed_by":"Champ","ascension_level":20}