{"gold_per_floor":[115,129,143,143,154,154,166,166,166,185,185],"floor_reached":11,"playtime":443,"items_purged":[],"score":134,"play_id":"ba041571-a71d-48e9-864f-50146a453791","local_time":"20190430235416","is_ascension_mode":true,"campfire_choices":[{"data":"Defragment","floor":6,"key":"SMITH"},{"data":"Sweeping Beam","floor":8,"key":"SMITH"}],"neow_cost":"NONE","seed_source_timestamp":52096775618752,"circlet_count":0,"master_deck":["AscendersBane","Strike_B","Strike_B","Strike_B","Strike_B","Defend_B","Defend_B","Defend_B","Defend_B","Zap","Dualcast","Consume","Defragment+1","Sweeping Beam+1","Leap","Injury"],"relics":["Cursed Key","GremlinMask","Kunai"],"potions_floor_usage":[7,10],"damage_taken":[{"damage":2,"enemies":"Jaw Worm","floor":1,"turns":3},{"damage":1,"enemies":"Cultist","floor":2,"turns":4},{"damage":0,"enemies":"2 Louse","floor":3,"turns":2},{"damage":21,"enemies":"Blue Slaver","floor":5,"turns":4},{"damage":0,"enemies":"2 Fungi Beasts","floor":7,"turns":3},{"damage":11,"enemies":"Large Slime","floor":10,"turns":6},{"damage":34,"enemies":"Lagavulin Event","floor":11,"turns":5}],"seed_played":"2254268920139197426","potions_obtained":[{"floor":2,"key":"FearPotion"},{"floor":5,"key":"LiquidBronze"},{"floor":7,"key":"SkillPotion"}],"is_trial":false,"path_per_floor":["M","M","M","?","M","R","M","R","T","M","?"],"character_chosen":"DEFECT","items_purchased":[],"campfire_rested":0,"item_purchase_floors":[],"current_hp_per_floor":[62,61,61,61,40,40,40,40,40,29,0],"gold":185,"neow_bonus":"BOSS_RELIC","is_prod":false,"is_daily":false,"chose_seed":false,"campfire_upgraded":2,"win_rate":0,"timestamp":1556693656,"path_taken":["M","M","M","?","M","R","M","R","T","?","?"],"build_version":"2019-04-23","purchased_purges":0,"victory":false,"max_hp_per_floor":[71,71,71,71,71,71,71,71,71,71,71],"card_choices":[{"not_picked":["Rebound","Redo"],"picked":"Consume","floor":1},{"not_picked":["Compile Driver","Beam Cell"],"picked":"Defragment","floor":2},{"not_picked":["Steam","Turbo"],"picked":"Sweeping Beam","floor":3},{"not_picked":["Steam","Consume"],"picked":"Leap","floor":5},{"not_picked":["Beam Cell","Reinforced Body","Streamline"],"picked":"SKIP","floor":7},{"not_picked":["Heatsinks","Fission","Leap"],"picked":"SKIP","floor":10}],"player_experience":6007806,"relics_obtained":[{"floor":9,"key":"Kunai"}],"event_choices":[{"damage_healed":0,"gold_gain":0,"player_choice":"Trade","damage_taken":0,"relics_obtained":["GremlinMask"],"max_hp_gain":0,"max_hp_loss":0,"event_name":"FaceTrader","floor":4,"gold_loss":0},{"damage_healed":0,"gold_gain":0,"player_choice":"Searched \u00271\u0027 times","damage_taken":0,"max_hp_gain":0,"max_hp_loss":0,"event_name":"Dead Adventurer","floor":11,"gold_loss":0}],"is_beta":true,"boss_relics":[],"items_purged_floors":[],"is_endless":false,"potions_floor_spawned":[2,5,7],"killed_by":"Lagavulin Event","ascension_level":20}