{"gold_per_floor":[113,113,131,147,147,147,164,174,197,227,237,237,251,279,279,356,356,367,367,381,396,410,410,103,28,51,51,64,98,112,142,142,213,213,230,32,32,48,14,44,44,70,120,120,150,162,186,213,225,237,249,261,273,67,94,94],"floor_reached":57,"playtime":3892,"items_purged":["Strike_R","Strike_R"],"score":2888,"play_id":"bd78c301-e019-4555-b483-2525b2ee6d7b","local_time":"20190429005510","is_ascension_mode":true,"campfire_choices":[{"data":"Bash","floor":6,"key":"SMITH"},{"data":"Armaments","floor":12,"key":"SMITH"},{"data":"Disarm","floor":15,"key":"SMITH"},{"data":"Offering","floor":23,"key":"SMITH"},{"data":"Feed","floor":27,"key":"SMITH"},{"data":"Demon Form","floor":32,"key":"SMITH"},{"data":"Feel No Pain","floor":41,"key":"SMITH"},{"data":"Offering","floor":44,"key":"SMITH"},{"floor":46,"key":"RECALL"},{"data":"Spot Weakness","floor":49,"key":"SMITH"},{"data":"Clothesline","floor":53,"key":"SMITH"}],"neow_cost":"NONE","seed_source_timestamp":125866205930363,"circlet_count":0,"master_deck":["AscendersBane","Strike_R","Defend_R","Defend_R+1","Defend_R","Defend_R","Bash+1","Armaments+1","Sever Soul","Spot Weakness+1","Shrug It Off","Pommel Strike+1","Anger","Offering+1","Disarm+1","Shrug It Off","Feed+1","Shrug It Off","Reaper+1","True Grit+1","Shockwave+1","Burning Pact+1","Demon Form+1","Exhume","Corruption","Offering+1","Reaper","Clothesline+1","Feel No Pain+1","Offering","Metallicize","Sword Boomerang+1"],"relics":["Burning Blood","Potion Belt","StoneCalendar","Dream Catcher","Bag of Marbles","The Courier","Black Star","Red Skull","PreservedInsect","War Paint","Art of War","Omamori","Smiling Mask","Whetstone","Snecko Eye","Strawberry","Oddly Smooth Stone","Lantern","Regal Pillow","Vajra","MawBank","Bronze Scales","Gambling Chip","Centennial Puzzle"],"potions_floor_usage":[18,18,22,29,31,33,33,55,56,56],"damage_taken":[{"damage":12,"enemies":"Cultist","floor":1,"turns":4},{"damage":0,"enemies":"Small Slimes","floor":3,"turns":4},{"damage":12,"enemies":"Jaw Worm","floor":4,"turns":2},{"damage":6,"enemies":"Looter","floor":7,"turns":3},{"damage":8,"enemies":"Lots of Slimes","floor":8,"turns":7},{"damage":35,"enemies":"3 Sentries","floor":10,"turns":7},{"damage":0,"enemies":"Large Slime","floor":11,"turns":4},{"damage":3,"enemies":"Looter","floor":13,"turns":2},{"damage":11,"enemies":"Gremlin Nob","floor":14,"turns":3},{"damage":22,"enemies":"The Guardian","floor":16,"turns":13},{"damage":16,"enemies":"Spheric Guardian","floor":18,"turns":4},{"damage":4,"enemies":"Chosen","floor":20,"turns":4},{"damage":10,"enemies":"Centurion and Healer","floor":21,"turns":7},{"damage":11,"enemies":"Snake Plant","floor":22,"turns":7},{"damage":14,"enemies":"Snecko","floor":28,"turns":7},{"damage":30,"enemies":"Book of Stabbing","floor":29,"turns":6},{"damage":37,"enemies":"Centurion and Healer","floor":30,"turns":9},{"damage":20,"enemies":"Gremlin Leader","floor":31,"turns":7},{"damage":109,"enemies":"Collector","floor":33,"turns":9},{"damage":10,"enemies":"3 Shapes","floor":35,"turns":7},{"damage":45,"enemies":"Orb Walker","floor":38,"turns":6},{"damage":12,"enemies":"Nemesis","floor":40,"turns":5},{"damage":12,"enemies":"Giant Head","floor":42,"turns":5},{"damage":18,"enemies":"Reptomancer","floor":45,"turns":3},{"damage":17,"enemies":"3 Darklings","floor":47,"turns":6},{"damage":23,"enemies":"Sphere and 2 Shapes","floor":48,"turns":4},{"damage":40,"enemies":"Donu and Deca","floor":50,"turns":8},{"damage":38,"enemies":"Awakened One","floor":51,"turns":16},{"damage":21,"enemies":"Shield and Spear","floor":55,"turns":5},{"damage":100,"enemies":"The Heart","floor":56,"turns":9}],"seed_played":"8896203686357693381","potions_obtained":[{"floor":3,"key":"Fire Potion"},{"floor":7,"key":"Dexterity Potion"},{"floor":8,"key":"PowerPotion"},{"floor":11,"key":"FearPotion"},{"floor":20,"key":"EssenceOfSteel"},{"floor":21,"key":"Weak Potion"},{"floor":22,"key":"BloodPotion"},{"floor":30,"key":"FearPotion"},{"floor":33,"key":"AttackPotion"},{"floor":38,"key":"Ancient Potion"},{"floor":40,"key":"FearPotion"}],"is_trial":false,"path_per_floor":["M","?","M","M","T","R","M","M","T","E","M","R","M","E","R","B",null,"M","?","M","M","M","R","$","?","T","R","M","E","M","E","R","B",null,"M","$","?","M","$","E","R","E","T","R","E","R","M","M","R","B","B",null,"R","$","E","B",null],"character_chosen":"IRONCLAD","items_purchased":["Red Skull","PreservedInsect","Corruption","Offering","Feel No Pain","Bronze Scales","Metallicize"],"campfire_rested":0,"item_purchase_floors":[24,24,36,36,39,54,54],"current_hp_per_floor":[62,62,68,62,62,62,62,60,60,31,37,37,40,35,35,19,61,54,54,59,69,69,69,69,69,69,69,73,59,69,81,81,22,72,72,72,72,90,90,103,103,112,112,112,116,116,120,128,128,136,140,140,140,140,148,86],"gold":94,"neow_bonus":"RANDOM_COMMON_RELIC","is_prod":false,"is_daily":false,"chose_seed":false,"campfire_upgraded":10,"win_rate":0,"timestamp":1556524510,"path_taken":["M","?","?","M","?","R","M","M","T","E","?","R","M","E","R","BOSS","M","?","M","?","M","R","$","?","T","R","M","E","M","E","R","BOSS","M","$","?","?","?","E","R","E","T","R","E","R","M","M","R","BOSS","BOSS","R","$","E","BOSS"],"build_version":"2019-04-23","purchased_purges":2,"victory":true,"max_hp_per_floor":[75,75,75,75,75,75,75,75,75,75,75,75,75,75,75,75,75,78,78,81,81,81,81,81,81,81,81,81,81,85,89,89,89,89,93,93,93,97,97,108,108,112,112,112,116,116,120,128,128,136,140,140,140,140,148,152],"card_choices":[{"not_picked":["Cleave","Twin Strike"],"picked":"Armaments","floor":1},{"not_picked":["Entrench","Armaments"],"picked":"Spot Weakness","floor":3},{"not_picked":["Pommel Strike","Headbutt"],"picked":"Shrug It Off","floor":4},{"not_picked":["Intimidate","Thunderclap"],"picked":"Pommel Strike","floor":7},{"not_picked":["Armaments","Evolve"],"picked":"Anger","floor":8},{"not_picked":["Twin Strike","Bloodletting","Dropkick"],"picked":"SKIP","floor":10},{"not_picked":["Seeing Red","Clash"],"picked":"Offering","floor":11},{"not_picked":["Feel No Pain","Perfected Strike"],"picked":"Disarm","floor":13},{"not_picked":["Pummel","Fire Breathing"],"picked":"Shrug It Off","floor":14},{"not_picked":["Double Tap","Bludgeon"],"picked":"Feed","floor":16},{"not_picked":["Rampage","True Grit"],"picked":"Shrug It Off","floor":18},{"not_picked":["Heavy Blade","True Grit","Clothesline"],"picked":"SKIP","floor":20},{"not_picked":["Bloodletting","Heavy Blade"],"picked":"True Grit+1","floor":21},{"not_picked":["Sword Boomerang","Warcry"],"picked":"Shockwave","floor":22},{"not_picked":["Wild Strike","Rage"],"picked":"Burning Pact+1","floor":28},{"not_picked":["Cleave","Blood for Blood+1"],"picked":"Demon Form","floor":29},{"not_picked":["Sever Soul","True Grit","Perfected Strike"],"picked":"SKIP","floor":30},{"not_picked":["Inflame","Bloodletting","Perfected Strike"],"picked":"SKIP","floor":31},{"not_picked":["Dark Embrace","Barricade"],"picked":"Exhume","floor":33},{"not_picked":["Shrug It Off+1","Sword Boomerang","Carnage"],"picked":"SKIP","floor":35},{"not_picked":["Headbutt","Anger","Second Wind"],"picked":"SKIP","floor":38},{"not_picked":["Thunderclap","Rampage","Pummel"],"picked":"SKIP","floor":40},{"not_picked":["Armaments","Intimidate"],"picked":"Offering","floor":42},{"not_picked":["Warcry","Sever Soul","Flex"],"picked":"SKIP","floor":45},{"not_picked":["Body Slam","Flex","Havoc"],"picked":"SKIP","floor":47},{"not_picked":["Pommel Strike","Second Wind","Combust+1"],"picked":"SKIP","floor":48},{"not_picked":["Warcry","Fire Breathing"],"picked":"Sword Boomerang+1","floor":55}],"player_experience":5939642,"relics_obtained":[{"floor":5,"key":"StoneCalendar"},{"floor":9,"key":"Dream Catcher"},{"floor":10,"key":"Bag of Marbles"},{"floor":14,"key":"The Courier"},{"floor":26,"key":"War Paint"},{"floor":29,"key":"Art of War"},{"floor":29,"key":"Omamori"},{"floor":31,"key":"Smiling Mask"},{"floor":31,"key":"Whetstone"},{"floor":40,"key":"Strawberry"},{"floor":40,"key":"Oddly Smooth Stone"},{"floor":42,"key":"Lantern"},{"floor":42,"key":"Regal Pillow"},{"floor":45,"key":"Vajra"},{"floor":45,"key":"MawBank"},{"floor":55,"key":"Gambling Chip"},{"floor":55,"key":"Centennial Puzzle"}],"event_choices":[{"damage_healed":0,"gold_gain":0,"cards_transformed":["Strike_R"],"player_choice":"Transformed","damage_taken":0,"max_hp_gain":0,"max_hp_loss":0,"event_name":"Transmorgrifier","floor":2,"gold_loss":0,"cards_obtained":["Sever Soul"]},{"damage_healed":0,"gold_gain":0,"player_choice":"1 cards matched","damage_taken":0,"max_hp_gain":0,"max_hp_loss":0,"event_name":"Match and Keep!","floor":19,"gold_loss":0,"cards_obtained":["Reaper"]},{"cards_removed":["Strike_R"],"damage_healed":0,"gold_gain":0,"player_choice":"Gave Gold","damage_taken":0,"max_hp_gain":0,"max_hp_loss":0,"event_name":"Beggar","floor":25,"gold_loss":75},{"damage_healed":0,"gold_gain":0,"player_choice":"2 cards matched","damage_taken":0,"max_hp_gain":0,"max_hp_loss":0,"event_name":"Match and Keep!","floor":37,"gold_loss":0,"cards_obtained":["Reaper","Clothesline"]}],"is_beta":true,"boss_relics":[{"not_picked":["Mark of Pain","Eternal Feather"],"picked":"Black Star"},{"not_picked":["Sozu","Astrolabe"],"picked":"Snecko Eye"}],"items_purged_floors":[24,54],"is_endless":false,"potions_floor_spawned":[3,7,8,11,13,20,21,22,30,33,38,40,47],"ascension_level":20}