{"gold_per_floor":[116,128,128,142,67,67,67,99,126,86,98,116,116,148,148,148],"floor_reached":16,"playtime":685,"items_purged":["Strike_R"],"score":220,"play_id":"c538b86a-61f5-418a-85a6-0446b22451bc","local_time":"20190425125205","is_ascension_mode":true,"campfire_choices":[{"data":"Immolate","floor":6,"key":"SMITH"},{"data":"True Grit","floor":13,"key":"SMITH"},{"data":"1","floor":15,"key":"LIFT"}],"neow_cost":"TEN_PERCENT_HP_LOSS","seed_source_timestamp":261682147983272,"circlet_count":0,"master_deck":["AscendersBane","Strike_R","Strike_R","Strike_R","Strike_R+1","Defend_R","Defend_R","Defend_R","Defend_R","Bash","Immolate+1","Feel No Pain","Pommel Strike+1","Combust","Uppercut","Battle Trance","True Grit+1","Metallicize"],"relics":["Burning Blood","Whetstone","Potion Belt","Girya"],"potions_floor_usage":[14,14,16,16],"damage_taken":[{"damage":1,"enemies":"Cultist","floor":1,"turns":3},{"damage":0,"enemies":"2 Louse","floor":2,"turns":1},{"damage":14,"enemies":"Jaw Worm","floor":4,"turns":4},{"damage":32,"enemies":"Gremlin Nob","floor":8,"turns":4},{"damage":3,"enemies":"3 Louse","floor":11,"turns":2},{"damage":12,"enemies":"Blue Slaver","floor":12,"turns":6},{"damage":13,"enemies":"Lagavulin","floor":14,"turns":5},{"damage":26,"enemies":"The Guardian","floor":16,"turns":15}],"seed_played":"6933705854536413038","potions_obtained":[{"floor":2,"key":"Strength Potion"},{"floor":10,"key":"Poison Potion"},{"floor":10,"key":"Fire Potion"},{"floor":10,"key":"AttackPotion"}],"is_trial":false,"path_per_floor":["M","M","?","M","$","R","$","E","T","?","M","M","R","E","R","B"],"character_chosen":"IRONCLAD","items_purchased":[],"campfire_rested":0,"item_purchase_floors":[],"current_hp_per_floor":[68,68,68,60,60,60,60,34,34,34,37,31,31,24,24,0],"gold":148,"neow_bonus":"THREE_RARE_CARDS","is_prod":false,"is_daily":false,"chose_seed":false,"campfire_upgraded":2,"win_rate":0,"timestamp":1556221925,"path_taken":["M","M","?","?","$","R","?","E","T","?","M","?","R","E","R","BOSS"],"build_version":"2019-04-23","purchased_purges":1,"victory":false,"max_hp_per_floor":[68,68,68,68,68,68,68,68,68,68,68,68,68,68,68,68],"card_choices":[{"not_picked":["Fiend Fire","Exhume"],"picked":"Immolate","floor":0},{"not_picked":["Perfected Strike","Wild Strike"],"picked":"Feel No Pain","floor":1},{"not_picked":["Bloodletting","Rampage"],"picked":"Pommel Strike","floor":2},{"not_picked":["Rage","Hemokinesis"],"picked":"Combust","floor":4},{"not_picked":["Fiend Fire","Hemokinesis"],"picked":"Uppercut","floor":8},{"not_picked":["Clothesline","Iron Wave"],"picked":"Battle Trance","floor":11},{"not_picked":["Rampage","Pommel Strike"],"picked":"True Grit","floor":12},{"not_picked":["Sword Boomerang","Wild Strike"],"picked":"Metallicize","floor":14}],"player_experience":5839624,"relics_obtained":[{"floor":8,"key":"Whetstone"},{"floor":9,"key":"Potion Belt"},{"floor":14,"key":"Girya"}],"event_choices":[{"damage_healed":0,"gold_gain":0,"player_choice":"0 cards matched","damage_taken":0,"max_hp_gain":0,"max_hp_loss":0,"event_name":"Match and Keep!","floor":3,"gold_loss":0,"cards_obtained":[]},{"damage_healed":0,"gold_gain":0,"player_choice":"Bought 3 Potions","damage_taken":0,"max_hp_gain":0,"max_hp_loss":0,"event_name":"The Woman in Blue","floor":10,"gold_loss":0}],"is_beta":true,"boss_relics":[],"items_purged_floors":[5],"is_endless":false,"potions_floor_spawned":[2],"killed_by":"The Guardian","ascension_level":20}