{"gold_per_floor":[360,25,25,40,52,52,72,97,120,153,171,171],"floor_reached":12,"playtime":781,"items_purged":["Shame"],"score":180,"play_id":"bf796334-ad29-4611-8e41-e43ba4eacbd6","local_time":"20190501173415","is_ascension_mode":true,"campfire_choices":[{"floor":6,"key":"REST"}],"neow_cost":"CURSE","seed_source_timestamp":115358458580535,"circlet_count":0,"master_deck":["AscendersBane","Defend_G","Defend_G","Defend_G","Defend_G","Defend_G","Strike_G","Strike_G","Strike_G","Strike_G","Survivor","Neutralize","Well Laid Plans","Footwork","Blade Dance","Flechettes","Deadly Poison","Poisoned Stab","Dagger Spray","Predator"],"relics":["Ring of the Snake","Art of War","Smiling Mask","Vajra","Boot"],"potions_floor_usage":[8,10,12],"damage_taken":[{"damage":16,"enemies":"Small Slimes","floor":1,"turns":4},{"damage":4,"enemies":"Cultist","floor":4,"turns":5},{"damage":5,"enemies":"Jaw Worm","floor":5,"turns":5},{"damage":7,"enemies":"Large Slime","floor":7,"turns":7},{"damage":13,"enemies":"3 Sentries","floor":8,"turns":11},{"damage":8,"enemies":"Gremlin Nob","floor":10,"turns":3},{"damage":3,"enemies":"Blue Slaver","floor":11,"turns":4},{"damage":22,"enemies":"3 Sentries","floor":12,"turns":6}],"seed_played":"6245341238019795459","potions_obtained":[{"floor":1,"key":"Dexterity Potion"},{"floor":5,"key":"Poison Potion"},{"floor":10,"key":"SkillPotion"}],"is_trial":false,"path_per_floor":["M","$","?","M","M","R","M","E","T","E","M","E"],"character_chosen":"THE_SILENT","items_purchased":["Footwork","Fire Potion","Art of War"],"campfire_rested":1,"item_purchase_floors":[2,2,2],"current_hp_per_floor":[43,43,43,39,34,53,46,33,33,25,22,0],"gold":171,"neow_bonus":"TWO_FIFTY_GOLD","is_prod":false,"is_daily":false,"chose_seed":false,"campfire_upgraded":0,"win_rate":0,"timestamp":1556757255,"path_taken":["M","$","?","M","M","R","M","E","T","E","?","E"],"build_version":"2019-04-23","purchased_purges":1,"victory":false,"max_hp_per_floor":[66,66,66,66,66,66,66,66,66,66,66,66],"card_choices":[{"not_picked":["Escape Plan","Cloak And Dagger"],"picked":"Well Laid Plans","floor":1},{"not_picked":["Tactician","Deadly Poison"],"picked":"Flechettes","floor":4},{"not_picked":["Underhanded Strike","Acrobatics"],"picked":"Deadly Poison","floor":5},{"not_picked":["Finisher","Concentrate"],"picked":"Poisoned Stab","floor":7},{"not_picked":["Acrobatics","Deflect"],"picked":"Dagger Spray","floor":8},{"not_picked":["Unload","Finisher","Prepared"],"picked":"SKIP","floor":10},{"not_picked":["Tactician","Dagger Throw"],"picked":"Predator","floor":11}],"player_experience":6031590,"relics_obtained":[{"floor":8,"key":"Smiling Mask"},{"floor":9,"key":"Vajra"},{"floor":10,"key":"Boot"}],"event_choices":[{"damage_healed":0,"gold_gain":0,"cards_transformed":["Strike_G"],"player_choice":"Transformed","damage_taken":0,"max_hp_gain":0,"max_hp_loss":0,"event_name":"Transmorgrifier","floor":3,"gold_loss":0,"cards_obtained":["Blade Dance"]}],"is_beta":true,"boss_relics":[],"items_purged_floors":[2],"is_endless":false,"potions_floor_spawned":[1,5,10],"killed_by":"3 Sentries","ascension_level":20}