{"gold_per_floor":[116,136,153,78,92,123,123,139,162,162,181,181,331,351,351,422,422,396,31,31,48,48,48,77,89,124,147,178,150,162,207,219,306,318,349,375,277,303,326,363,390,402,414,426,452,496,525,564,576,588,600,612,624,5,40,40],"floor_reached":57,"playtime":7009,"items_purged":["Normality","Normality"],"score":2847,"play_id":"0c843459-8635-4e26-a6df-94db609a553b","local_time":"20190501193223","is_ascension_mode":true,"campfire_choices":[{"data":"Zap","floor":7,"key":"SMITH"},{"data":"Doom and Gloom","floor":10,"key":"SMITH"},{"data":"Coolheaded","floor":12,"key":"SMITH"},{"data":"Conserve Battery","floor":15,"key":"SMITH"},{"floor":23,"key":"RECALL"},{"floor":30,"key":"REST"},{"floor":32,"key":"REST"},{"floor":42,"key":"REST"},{"floor":49,"key":"REST"},{"floor":53,"key":"REST"}],"neow_cost":"NONE","seed_source_timestamp":116159909003942,"circlet_count":0,"master_deck":["AscendersBane","Strike_B","Strike_B","Strike_B","Strike_B","Defend_B","Defend_B","Defend_B","Defend_B","Zap+1","Dualcast","Doom and Gloom+1","BootSequence","Conserve Battery+1","Cold Snap","Undo","Self Repair","Coolheaded+1","Core Surge","Ball Lightning","All For One","Gash+1","Hologram","Coolheaded","Echo Form","Reprogram+1","Gash","Go for the Eyes","Hologram","Echo Form","Hologram","Force Field","Static Discharge","Defragment+1","Glacier","Capacitor","Doom and Gloom+1","Heatsinks+1","Hologram","Loop"],"relics":["Calling Bell","Omamori","Shuriken","Prayer Wheel","Regal Pillow","Bronze Scales","Fusion Hammer","Frozen Eye","Art of War","MawBank","Dream Catcher","Bag of Marbles","Snecko Eye","Orichalcum","Cables","Oddly Smooth Stone","Kunai","Anchor","Dodecahedron"],"potions_floor_usage":[3,6,16,18,24,29,38,46,55,56],"damage_taken":[{"damage":7,"enemies":"Cultist","floor":1,"turns":4},{"damage":0,"enemies":"2 Louse","floor":2,"turns":2},{"damage":3,"enemies":"Small Slimes","floor":3,"turns":3},{"damage":10,"enemies":"Exordium Wildlife","floor":5,"turns":6},{"damage":6,"enemies":"Lagavulin","floor":6,"turns":7},{"damage":20,"enemies":"Lots of Slimes","floor":8,"turns":7},{"damage":0,"enemies":"3 Louse","floor":11,"turns":3},{"damage":0,"enemies":"Red Slaver","floor":14,"turns":4},{"damage":10,"enemies":"The Guardian","floor":16,"turns":13},{"damage":7,"enemies":"2 Thieves","floor":18,"turns":4},{"damage":4,"enemies":"Shell Parasite","floor":21,"turns":5},{"damage":31,"enemies":"Gremlin Leader","floor":24,"turns":6},{"damage":29,"enemies":"Cultist and Chosen","floor":27,"turns":6},{"damage":3,"enemies":"Centurion and Healer","floor":28,"turns":10},{"damage":22,"enemies":"Book of Stabbing","floor":31,"turns":5},{"damage":56,"enemies":"Collector","floor":33,"turns":8},{"damage":0,"enemies":"3 Darklings","floor":35,"turns":4},{"damage":5,"enemies":"Orb Walker","floor":36,"turns":4},{"damage":11,"enemies":"3 Darklings","floor":38,"turns":3},{"damage":5,"enemies":"4 Shapes","floor":39,"turns":8},{"damage":43,"enemies":"Reptomancer","floor":40,"turns":7},{"damage":28,"enemies":"Maw","floor":41,"turns":9},{"damage":23,"enemies":"Transient","floor":45,"turns":6},{"damage":1,"enemies":"Nemesis","floor":46,"turns":11},{"damage":37,"enemies":"3 Darklings","floor":47,"turns":7},{"damage":13,"enemies":"Giant Head","floor":48,"turns":11},{"damage":37,"enemies":"Donu and Deca","floor":50,"turns":12},{"damage":14,"enemies":"Time Eater","floor":51,"turns":20},{"damage":23,"enemies":"Shield and Spear","floor":55,"turns":9},{"damage":35,"enemies":"The Heart","floor":56,"turns":9}],"seed_played":"5575334082415681210","potions_obtained":[{"floor":1,"key":"FearPotion"},{"floor":2,"key":"Swift Potion"},{"floor":3,"key":"Strength Potion"},{"floor":11,"key":"Dexterity Potion"},{"floor":14,"key":"Fire Potion"},{"floor":21,"key":"PowerPotion"},{"floor":27,"key":"Block Potion"},{"floor":28,"key":"Fruit Juice"},{"floor":29,"key":"Regen Potion"},{"floor":36,"key":"GamblersBrew"},{"floor":45,"key":"FairyPotion"}],"is_trial":false,"path_per_floor":["M","M","M","$","M","E","R","M","T","R","M","R","?","M","R","B",null,"M","$","?","M","?","R","E","$","T","M","M","?","R","E","R","B",null,"M","M","?","M","M","E","M","R","T","?","M","E","M","E","R","B","B",null,"R","$","E","B",null],"character_chosen":"DEFECT","items_purchased":["Frozen Eye","Coolheaded","Kunai","PowerPotion","Ancient Potion","Anchor","Hologram"],"campfire_rested":5,"item_purchase_floors":[19,19,54,54,54,54,54],"current_hp_per_floor":[57,57,54,54,44,45,45,32,32,32,32,32,32,39,39,36,62,55,55,55,58,58,58,41,41,41,19,30,35,72,57,76,27,64,76,71,71,67,76,47,33,70,70,70,47,68,38,39,76,53,53,70,76,76,67,32],"gold":40,"neow_bonus":"BOSS_RELIC","is_prod":false,"is_daily":false,"chose_seed":false,"campfire_upgraded":4,"win_rate":0,"timestamp":1556764343,"path_taken":["M","M","?","$","M","E","R","M","T","R","?","R","?","M","R","BOSS","M","$","?","M","?","R","E","?","T","M","?","?","R","E","R","BOSS","M","M","?","?","M","E","M","R","T","?","M","E","M","E","R","BOSS","BOSS","R","$","E","BOSS"],"build_version":"2019-04-23","purchased_purges":2,"victory":true,"max_hp_per_floor":[71,71,71,71,71,71,71,71,71,71,71,71,71,71,71,71,71,71,71,71,71,71,71,71,71,71,71,71,76,76,76,76,76,76,76,76,76,76,76,76,76,76,76,76,76,76,76,76,76,76,76,76,76,76,76,76],"card_choices":[{"not_picked":["Redo","Compile Driver"],"picked":"Doom and Gloom","floor":1},{"not_picked":["Chaos","Doom and Gloom"],"picked":"BootSequence","floor":1},{"not_picked":["Scrape","Aggregate"],"picked":"Conserve Battery","floor":2},{"not_picked":["Hologram","Multi-Cast","Steam"],"picked":"SKIP","floor":2},{"not_picked":["Auto Shields","Streamline"],"picked":"Cold Snap","floor":3},{"not_picked":["Rebound","Coolheaded"],"picked":"Undo","floor":3},{"not_picked":["Capacitor","Leap"],"picked":"Self Repair","floor":5},{"not_picked":["Turbo","Chaos","Steam"],"picked":"SKIP","floor":5},{"not_picked":["Leap","Hologram"],"picked":"Coolheaded","floor":6},{"not_picked":["Undo","Ball Lightning"],"picked":"Core Surge","floor":8},{"not_picked":["Cold Snap","Go for the Eyes","Conserve Battery"],"picked":"SKIP","floor":8},{"not_picked":["Steam","Leap","Barrage"],"picked":"SKIP","floor":11},{"not_picked":["BootSequence","Gash","Conserve Battery"],"picked":"SKIP","floor":11},{"not_picked":["Go for the Eyes","Barrage"],"picked":"Ball Lightning","floor":14},{"not_picked":["Streamline","Cold Snap","Melter"],"picked":"SKIP","floor":14},{"not_picked":["Meteor Strike","Core Surge"],"picked":"All For One","floor":16},{"not_picked":["Leap","Coolheaded"],"picked":"Gash+1","floor":18},{"not_picked":["Doom and Gloom","Steam"],"picked":"Hologram","floor":18},{"not_picked":["Barrage+1","Streamline"],"picked":"Echo Form","floor":21},{"not_picked":["Sweeping Beam","Leap","Streamline"],"picked":"SKIP","floor":21},{"not_picked":["Sunder","Conserve Battery"],"picked":"Reprogram","floor":24},{"not_picked":["Turbo","Steam Power","Blizzard"],"picked":"SKIP","floor":27},{"not_picked":["Thunder Strike","Sweeping Beam","BootSequence"],"picked":"SKIP","floor":27},{"not_picked":["Beam Cell","Leap"],"picked":"Gash","floor":28},{"not_picked":["Steam Power","Cold Snap","Stack"],"picked":"SKIP","floor":28},{"not_picked":["Doom and Gloom","Cold Snap"],"picked":"Go for the Eyes","floor":30},{"not_picked":["Scrape","Stack","Heatsinks"],"picked":"SKIP","floor":31},{"not_picked":["Beam Cell","Reprogram"],"picked":"Hologram","floor":32},{"not_picked":["Seek","Creative AI"],"picked":"Echo Form","floor":33},{"not_picked":["Rip and Tear","Storm","Chill+1"],"picked":"SKIP","floor":35},{"not_picked":["Self Repair","Go for the Eyes","Steam Power"],"picked":"SKIP","floor":35},{"not_picked":["Steam Power+1","Static Discharge"],"picked":"Hologram","floor":36},{"not_picked":["Go for the Eyes","Stack","Rebound"],"picked":"SKIP","floor":36},{"not_picked":["Go for the Eyes","Stack","Rebound"],"picked":"SKIP","floor":36},{"not_picked":["Rebound+1","Go for the Eyes"],"picked":"Force Field","floor":38},{"not_picked":["Steam","Scrape","Gash"],"picked":"SKIP","floor":38},{"not_picked":["Leap","Storm"],"picked":"Static Discharge","floor":39},{"not_picked":["Turbo","Gash+1","Ball Lightning"],"picked":"SKIP","floor":39},{"not_picked":["Hologram","Go for the Eyes+1","Conserve Battery"],"picked":"SKIP","floor":40},{"not_picked":["Coolheaded+1","Consume"],"picked":"Defragment","floor":41},{"not_picked":["Core Surge","Force Field","Ball Lightning"],"picked":"SKIP","floor":41},{"not_picked":["Rebound","Heatsinks"],"picked":"Glacier","floor":42},{"not_picked":["Ball Lightning","Hologram"],"picked":"Capacitor","floor":45},{"not_picked":["Turbo","Compile Driver"],"picked":"Doom and Gloom+1","floor":45},{"not_picked":["Fusion+1","Steam+1","Multi-Cast"],"picked":"SKIP","floor":46},{"not_picked":["Leap","Streamline","Redo+1"],"picked":"SKIP","floor":47},{"not_picked":["Auto Shields","Reprogram","Sweeping Beam"],"picked":"SKIP","floor":47},{"not_picked":["Lockon","White Noise","Beam Cell"],"picked":"SKIP","floor":48},{"not_picked":["Sweeping Beam","Chaos+1"],"picked":"Heatsinks+1","floor":49},{"not_picked":["Lockon+1","Tempest+1"],"picked":"Loop","floor":55}],"player_experience":6032371,"relics_obtained":[{"floor":0,"key":"Omamori"},{"floor":0,"key":"Shuriken"},{"floor":0,"key":"Prayer Wheel"},{"floor":6,"key":"Regal Pillow"},{"floor":9,"key":"Bronze Scales"},{"floor":24,"key":"MawBank"},{"floor":26,"key":"Dream Catcher"},{"floor":31,"key":"Bag of Marbles"},{"floor":40,"key":"Orichalcum"},{"floor":46,"key":"Cables"},{"floor":48,"key":"Oddly Smooth Stone"},{"floor":55,"key":"Dodecahedron"}],"event_choices":[{"damage_healed":0,"gold_gain":150,"player_choice":"AGREE","damage_taken":0,"max_hp_gain":0,"max_hp_loss":0,"event_name":"Liars Game","floor":13,"gold_loss":0,"cards_obtained":["Doubt"]},{"damage_healed":0,"gold_gain":0,"player_choice":"Opened","damage_taken":0,"relics_obtained":["Art of War"],"max_hp_gain":0,"max_hp_loss":0,"event_name":"The Mausoleum","floor":20,"gold_loss":0,"cards_obtained":["Writhe"]},{"damage_healed":0,"gold_gain":0,"player_choice":"Bought 3 Potions","damage_taken":0,"max_hp_gain":0,"max_hp_loss":0,"event_name":"The Woman in Blue","floor":29,"gold_loss":0},{"cards_removed":["Injury"],"damage_healed":0,"gold_gain":0,"player_choice":"Upgrade and Remove","damage_taken":0,"max_hp_gain":0,"max_hp_loss":0,"event_name":"Designer","floor":37,"gold_loss":110,"cards_upgraded":["Reprogram"]},{"damage_healed":0,"gold_gain":0,"player_choice":"Upgraded","damage_taken":0,"max_hp_gain":0,"max_hp_loss":0,"event_name":"Upgrade Shrine","floor":44,"gold_loss":0,"cards_upgraded":["Defragment"]}],"is_beta":true,"boss_relics":[{"not_picked":["Astrolabe","Philosopher\u0027s Stone"],"picked":"Fusion Hammer"},{"not_picked":["Runic Dome","Empty Cage"],"picked":"Snecko Eye"}],"items_purged_floors":[4,19],"is_endless":false,"potions_floor_spawned":[1,2,3,11,14,21,27,28,35,36,45],"ascension_level":20}