{"gold_per_floor":[110,130,54,54,69,69,69,103,130,55,70,70,70,99,99,172,172,184,364,383,34,46,46,78,78,78,107,118,333,364,24,24,100,100,117,134,9,9,9,38,54,72,99,9,9,34,0,32,32,32,32,32,32,32,62,62],"floor_reached":57,"playtime":4655,"items_purged":["Strike_B","Strike_B","Strike_B"],"score":2962,"play_id":"a33ffda4-7027-40dd-97e0-69e3306cb946","local_time":"20190424203846","is_ascension_mode":true,"campfire_choices":[{"floor":6,"key":"REST"},{"floor":12,"key":"REST"},{"floor":15,"key":"REST"},{"floor":23,"key":"REST"},{"floor":25,"key":"REST"},{"floor":32,"key":"REST"},{"floor":45,"key":"REST"},{"floor":49,"key":"RECALL"},{"floor":53,"key":"REST"}],"neow_cost":"NONE","seed_source_timestamp":199284650019911,"circlet_count":0,"master_deck":["AscendersBane","Strike_B","Defend_B","Defend_B","Defend_B","Defend_B","Zap","Dualcast","Darkness","Ball Lightning","Defragment+1","Sweeping Beam","Loop","Cold Snap","Seek","Coolheaded","Multi-Cast","Steam","Steam","Coolheaded+1","Go for the Eyes","Static Discharge+1","Genetic Algorithm+1","Go for the Eyes","Turbo+1","Stack","Recycle","Double Energy","Master of Strategy","Defragment+1","Defragment","Go for the Eyes+1","Chill","Coolheaded","Barrage+1","Glacier+1"],"relics":["Fusion Hammer","Potion Belt","Dream Catcher","Meat on the Bone","Runic Pyramid","Anchor","War Paint","Gremlin Horn","PreservedInsect","Old Coin","Molten Egg 2","Symbiotic Virus","Inserter","Mummified Hand","Bottled Tornado","Red Mask","Incense Burner","Shuriken"],"potions_floor_usage":[13,18,20,24,27,33,36,41,48,50,56,56],"damage_taken":[{"damage":5,"enemies":"Small Slimes","floor":1,"turns":3},{"damage":6,"enemies":"Cultist","floor":2,"turns":4},{"damage":10,"enemies":"2 Louse","floor":5,"turns":3},{"damage":25,"enemies":"Lagavulin","floor":8,"turns":7},{"damage":5,"enemies":"Gremlin Gang","floor":11,"turns":5},{"damage":0,"enemies":"Exordium Thugs","floor":13,"turns":1},{"damage":22,"enemies":"3 Sentries","floor":14,"turns":5},{"damage":16,"enemies":"Hexaghost","floor":16,"turns":8},{"damage":18,"enemies":"2 Thieves","floor":18,"turns":4},{"damage":13,"enemies":"3 Byrds","floor":20,"turns":5},{"damage":16,"enemies":"Shelled Parasite and Fungi","floor":22,"turns":6},{"damage":13,"enemies":"Book of Stabbing","floor":24,"turns":5},{"damage":27,"enemies":"Slavers","floor":27,"turns":4},{"damage":10,"enemies":"Centurion and Healer","floor":28,"turns":8},{"damage":33,"enemies":"Book of Stabbing","floor":30,"turns":5},{"damage":4,"enemies":"Collector","floor":33,"turns":6},{"damage":33,"enemies":"3 Darklings","floor":35,"turns":4},{"damage":8,"enemies":"3 Shapes","floor":36,"turns":5},{"damage":0,"enemies":"Giant Head","floor":40,"turns":4},{"damage":11,"enemies":"Writhing Mass","floor":41,"turns":4},{"damage":0,"enemies":"Spire Growth","floor":42,"turns":4},{"damage":0,"enemies":"Nemesis","floor":46,"turns":5},{"damage":5,"enemies":"Reptomancer","floor":48,"turns":5},{"damage":4,"enemies":"Donu and Deca","floor":50,"turns":6},{"damage":12,"enemies":"Awakened One","floor":51,"turns":22},{"damage":0,"enemies":"Shield and Spear","floor":55,"turns":11},{"damage":35,"enemies":"The Heart","floor":56,"turns":14}],"seed_played":"-8703321728426185829","potions_obtained":[{"floor":1,"key":"FearPotion"},{"floor":7,"key":"FocusPotion"},{"floor":8,"key":"Poison Potion"},{"floor":11,"key":"SmokeBomb"},{"floor":14,"key":"FearPotion"},{"floor":18,"key":"FearPotion"},{"floor":20,"key":"LiquidBronze"},{"floor":22,"key":"Fire Potion"},{"floor":33,"key":"Explosive Potion"},{"floor":35,"key":"AttackPotion"},{"floor":36,"key":"FearPotion"},{"floor":46,"key":"Explosive Potion"},{"floor":48,"key":"EssenceOfSteel"}],"is_trial":false,"path_per_floor":["M","M","$","?","M","R","?","E","T","$","M","R","M","E","R","B",null,"M","?","M","$","M","R","E","R","T","E","M","?","E","$","R","B",null,"M","M","$","?","?","E","M","M","T","$","R","E","?","E","R","B","B",null,"R","$","E","B",null],"character_chosen":"DEFECT","items_purchased":["Defragment","Coolheaded","Anchor","Go for the Eyes","Symbiotic Virus","Energy Potion","Chill"],"campfire_rested":8,"item_purchase_floors":[3,21,21,21,31,31,44],"current_hp_per_floor":[59,53,53,53,43,64,64,39,39,39,34,55,55,33,54,38,63,45,24,23,23,19,40,39,60,60,45,47,47,26,26,47,43,64,43,47,47,37,37,37,38,38,38,38,59,59,59,54,54,50,38,63,71,71,71,36],"gold":62,"neow_bonus":"BOSS_RELIC","is_prod":false,"is_daily":false,"chose_seed":false,"campfire_upgraded":0,"win_rate":0,"timestamp":1556163526,"path_taken":["M","M","$","?","?","R","?","E","T","$","M","R","M","E","R","BOSS","M","?","M","$","?","R","E","R","T","E","M","?","E","$","R","BOSS","M","M","$","?","?","E","M","?","T","?","R","E","?","E","R","BOSS","BOSS","R","$","E","BOSS"],"build_version":"2019-04-23","purchased_purges":3,"victory":true,"max_hp_per_floor":[71,71,71,71,71,71,71,71,71,71,71,71,71,71,71,71,71,71,71,71,71,71,71,71,71,71,71,71,71,71,71,71,71,71,71,71,71,71,71,71,71,71,71,71,71,71,71,71,71,71,71,71,71,71,71,71],"card_choices":[{"not_picked":["Redo","Hello World"],"picked":"Darkness","floor":1},{"not_picked":["Coolheaded","Barrage"],"picked":"Ball Lightning","floor":2},{"not_picked":["Steam","Auto Shields"],"picked":"Sweeping Beam","floor":5},{"not_picked":["Steam","Stack"],"picked":"Loop","floor":8},{"not_picked":["Stack","Steam"],"picked":"Cold Snap","floor":11},{"not_picked":["Ball Lightning","Auto Shields"],"picked":"Seek","floor":12},{"not_picked":["Hello World","Beam Cell","Blizzard"],"picked":"SKIP","floor":14},{"not_picked":["Reprogram","Fusion"],"picked":"Coolheaded","floor":15},{"not_picked":["Fission","Machine Learning"],"picked":"Multi-Cast","floor":16},{"not_picked":["Gash","Steam Power"],"picked":"Steam","floor":18},{"not_picked":["Leap","Ball Lightning"],"picked":"Steam","floor":20},{"not_picked":["Defragment","Chill"],"picked":"Static Discharge+1","floor":22},{"not_picked":["Darkness","Barrage"],"picked":"Genetic Algorithm","floor":23},{"not_picked":["Undo","Darkness","Sweeping Beam"],"picked":"SKIP","floor":24},{"not_picked":["Skim","Redo"],"picked":"Go for the Eyes","floor":25},{"not_picked":["FTL","Coolheaded"],"picked":"Turbo+1","floor":27},{"not_picked":["Lockon","Rebound+1"],"picked":"Stack","floor":28},{"not_picked":["Streamline","Conserve Battery","Buffer"],"picked":"SKIP","floor":30},{"not_picked":["Leap","Steam"],"picked":"Recycle","floor":32},{"not_picked":["Cold Snap+1","Ball Lightning+1","Auto Shields"],"picked":"SKIP","floor":35},{"not_picked":["Gash+1","Go for the Eyes+1"],"picked":"Double Energy","floor":36},{"not_picked":["Violence","PanicButton"],"picked":"Master of Strategy","floor":38},{"not_picked":["Scrape+1","Gash+1","Force Field"],"picked":"SKIP","floor":40},{"not_picked":["Static Discharge","Turbo"],"picked":"Defragment","floor":41},{"not_picked":["FTL+1","Capacitor"],"picked":"Go for the Eyes+1","floor":42},{"not_picked":["Barrage+1","Compile Driver+1"],"picked":"Coolheaded","floor":45},{"not_picked":["Melter+1","Steam Power"],"picked":"Barrage+1","floor":46},{"not_picked":["Recycle","Gash+1","FTL+1"],"picked":"SKIP","floor":48},{"not_picked":["Reprogram+1","Double Energy"],"picked":"Glacier+1","floor":55}],"player_experience":5834969,"relics_obtained":[{"floor":8,"key":"Potion Belt"},{"floor":9,"key":"Dream Catcher"},{"floor":14,"key":"Meat on the Bone"},{"floor":24,"key":"War Paint"},{"floor":26,"key":"Gremlin Horn"},{"floor":27,"key":"PreservedInsect"},{"floor":30,"key":"Molten Egg 2"},{"floor":40,"key":"Mummified Hand"},{"floor":46,"key":"Bottled Tornado"},{"floor":48,"key":"Incense Burner"},{"floor":55,"key":"Shuriken"}],"event_choices":[{"damage_healed":0,"gold_gain":0,"player_choice":"Upgraded","damage_taken":0,"max_hp_gain":0,"max_hp_loss":0,"event_name":"Upgrade Shrine","floor":4,"gold_loss":0,"cards_upgraded":["Defragment"]},{"damage_healed":0,"gold_gain":0,"player_choice":"Got Potions","damage_taken":0,"max_hp_gain":0,"max_hp_loss":0,"event_name":"Lab","floor":7,"gold_loss":0},{"damage_healed":0,"gold_gain":180,"player_choice":"GOLD GOLD ","damage_taken":21,"max_hp_gain":0,"max_hp_loss":0,"event_name":"Knowing Skull","floor":19,"potions_obtained":[],"gold_loss":0,"cards_obtained":[]},{"damage_healed":0,"gold_gain":0,"player_choice":"Obtained Relic","damage_taken":0,"relics_obtained":["Old Coin"],"max_hp_gain":0,"max_hp_loss":0,"event_name":"Addict","floor":29,"gold_loss":85},{"damage_healed":0,"gold_gain":0,"player_choice":"Memory 3","damage_taken":10,"max_hp_gain":0,"max_hp_loss":0,"event_name":"SensoryStone","floor":38,"gold_loss":0},{"damage_healed":0,"gold_gain":0,"player_choice":"Copied","damage_taken":0,"max_hp_gain":0,"max_hp_loss":0,"event_name":"Duplicator","floor":39,"gold_loss":0,"cards_obtained":["Defragment"]},{"damage_healed":0,"gold_gain":0,"player_choice":"Paid","damage_taken":0,"relics_obtained":["Red Mask"],"max_hp_gain":0,"max_hp_loss":0,"event_name":"Tomb of Lord Red Mask","floor":47,"gold_loss":34}],"is_beta":true,"boss_relics":[{"not_picked":["Empty Cage","Runic Dome"],"picked":"Runic Pyramid"},{"not_picked":["Astrolabe","Pandora\u0027s Box"],"picked":"Inserter"}],"items_purged_floors":[10,21,37],"is_endless":false,"potions_floor_spawned":[1,8,11,14,18,20,22,33,35,36,46,48],"ascension_level":20}