{"gold_per_floor":[113,113,113,13,27,27,52,72,72,72,72,101,116,134,134,211,211,224,248,248,248,266,296,296,328,353,384,397,397,7,22,22,97,97,115,115,7,7,26,26,54,68,68,68,102,46,78,178,178,178,178,178,178,20,55,55],"floor_reached":57,"playtime":5182,"items_purged":["Strike_R"],"score":2883,"play_id":"f7a48aff-289e-4198-8c9c-34415d72bb18","local_time":"20190423183237","is_ascension_mode":true,"campfire_choices":[{"data":"Anger","floor":6,"key":"SMITH"},{"data":"Body Slam","floor":10,"key":"SMITH"},{"data":"Clothesline","floor":15,"key":"SMITH"},{"data":"J.A.X.","floor":29,"key":"SMITH"},{"data":"Spot Weakness","floor":32,"key":"SMITH"},{"floor":40,"key":"RECALL"},{"floor":44,"key":"REST"},{"data":"True Grit","floor":49,"key":"SMITH"},{"data":"Feel No Pain","floor":53,"key":"SMITH"}],"neow_cost":"PERCENT_DAMAGE","seed_source_timestamp":104792445799134,"circlet_count":0,"master_deck":["AscendersBane","Strike_R+1","Strike_R+1","Defend_R+1","Defend_R+1","Defend_R+1","Defend_R+1","Bash+1","Flame Barrier","Anger+1","Body Slam+1","Flame Barrier","Feel No Pain+1","Thunderclap+1","Clothesline+1","Reaper+1","Shrug It Off+1","RitualDagger","Battle Trance","True Grit+1","J.A.X.+1","Flame Barrier","Battle Trance","Shrug It Off","Spot Weakness+1","Limit Break+1","Panacea","Headbutt","Evolve"],"relics":["Burning Blood","Du-Vu Doll","Gambling Chip","Thread and Needle","Blue Candle","Velvet Choker","Lantern","Unceasing Top","Anchor","Whetstone","Bag of Preparation","Potion Belt","Black Star","Singing Bowl","Bottled Flame","Pear","Orichalcum","Centennial Puzzle","Pocketwatch","Ice Cream","Calipers","Oddly Smooth Stone","Mummified Hand","Happy Flower"],"potions_floor_usage":[18,23,25,33,41,41,41,41,41,41,47,56,56,56],"damage_taken":[{"damage":13,"enemies":"Jaw Worm","floor":1,"turns":7},{"damage":0,"enemies":"Cultist","floor":5,"turns":3},{"damage":37,"enemies":"Lagavulin","floor":7,"turns":8},{"damage":0,"enemies":"2 Louse","floor":8,"turns":3},{"damage":0,"enemies":"3 Sentries","floor":12,"turns":12},{"damage":0,"enemies":"Large Slime","floor":13,"turns":5},{"damage":0,"enemies":"Blue Slaver","floor":14,"turns":3},{"damage":34,"enemies":"The Guardian","floor":16,"turns":16},{"damage":2,"enemies":"Spheric Guardian","floor":18,"turns":3},{"damage":0,"enemies":"Chosen","floor":22,"turns":5},{"damage":21,"enemies":"Gremlin Leader","floor":23,"turns":6},{"damage":36,"enemies":"Slavers","floor":25,"turns":7},{"damage":6,"enemies":"Gremlin Leader","floor":27,"turns":7},{"damage":3,"enemies":"Snecko","floor":28,"turns":4},{"damage":3,"enemies":"Centurion and Healer","floor":31,"turns":2},{"damage":53,"enemies":"Collector","floor":33,"turns":10},{"damage":7,"enemies":"3 Darklings","floor":35,"turns":6},{"damage":3,"enemies":"Orb Walker","floor":39,"turns":3},{"damage":63,"enemies":"Nemesis","floor":41,"turns":9},{"damage":40,"enemies":"Maw","floor":42,"turns":6},{"damage":59,"enemies":"Reptomancer","floor":45,"turns":5},{"damage":25,"enemies":"Giant Head","floor":47,"turns":7},{"damage":20,"enemies":"Mind Bloom Boss Battle","floor":48,"turns":7},{"damage":75,"enemies":"Time Eater","floor":50,"turns":8},{"damage":54,"enemies":"Awakened One","floor":51,"turns":13},{"damage":84,"enemies":"Shield and Spear","floor":55,"turns":11},{"damage":47,"enemies":"The Heart","floor":56,"turns":11}],"seed_played":"9193470491054435658","potions_obtained":[{"floor":7,"key":"SteroidPotion"},{"floor":12,"key":"FearPotion"},{"floor":13,"key":"Poison Potion"},{"floor":22,"key":"AttackPotion"},{"floor":25,"key":"EssenceOfSteel"},{"floor":27,"key":"Explosive Potion"},{"floor":31,"key":"EssenceOfSteel"},{"floor":39,"key":"Ancient Potion"},{"floor":45,"key":"Block Potion"},{"floor":48,"key":"Dexterity Potion"}],"is_trial":false,"path_per_floor":["M","?","?","$","M","R","E","M","T","R","T","E","M","M","R","B",null,"M","T","?","?","M","E","?","E","T","E","M","R","$","M","R","B",null,"M","?","$","?","M","R","E","M","T","R","E","$","E","?","R","B","B",null,"R","$","E","B",null],"character_chosen":"IRONCLAD","items_purchased":["Anger","Bag of Preparation","Potion Belt","Dexterity Potion","EntropicBrew","SpeedPotion","Oddly Smooth Stone"],"campfire_rested":1,"item_purchase_floors":[4,30,30,30,37,46,54],"current_hp_per_floor":[43,48,48,48,54,54,23,29,29,29,29,35,41,47,47,19,65,69,69,63,63,76,68,68,53,53,62,73,73,73,80,80,36,69,80,70,70,70,80,80,26,15,25,52,38,38,75,95,95,72,96,96,96,96,93,52],"gold":55,"neow_bonus":"REMOVE_TWO","is_prod":false,"is_daily":false,"chose_seed":false,"campfire_upgraded":7,"win_rate":0,"timestamp":1556069557,"path_taken":["M","?","?","$","M","R","E","M","T","R","?","E","M","M","R","BOSS","M","?","?","?","M","E","?","E","T","E","?","R","$","M","R","BOSS","M","?","$","?","M","R","E","?","T","R","E","$","E","?","R","BOSS","BOSS","R","$","E","BOSS"],"build_version":"2019-04-21","purchased_purges":1,"victory":true,"max_hp_per_floor":[75,80,80,80,80,80,80,80,80,80,80,80,80,80,80,80,80,80,80,80,80,80,80,80,80,80,80,80,80,80,80,80,80,80,80,80,80,80,80,80,82,82,92,92,92,92,94,96,96,96,96,96,96,96,98,98],"card_choices":[{"not_picked":["Perfected Strike","Body Slam"],"picked":"Flame Barrier","floor":1},{"not_picked":["Pummel","Heavy Blade"],"picked":"Body Slam","floor":5},{"not_picked":["Blood for Blood","Cleave"],"picked":"Flame Barrier","floor":7},{"not_picked":["Ghostly Armor","Body Slam"],"picked":"Feel No Pain","floor":8},{"not_picked":["Second Wind","Clash","Anger"],"picked":"SKIP","floor":12},{"not_picked":["Flex","Double Tap"],"picked":"Thunderclap","floor":13},{"not_picked":["Sword Boomerang","Flex"],"picked":"Clothesline","floor":14},{"not_picked":["Bludgeon","Fiend Fire"],"picked":"Reaper","floor":16},{"not_picked":["Intimidate","Sever Soul"],"picked":"Shrug It Off+1","floor":18},{"not_picked":["Havoc","Wild Strike"],"picked":"Battle Trance","floor":22},{"not_picked":["Dropkick","Havoc"],"picked":"True Grit","floor":23},{"not_picked":["Fire Breathing","Clash"],"picked":"Flame Barrier","floor":25},{"not_picked":["Warcry","Flex"],"picked":"Battle Trance","floor":27},{"not_picked":["Body Slam","Iron Wave"],"picked":"Shrug It Off","floor":28},{"not_picked":["Dark Embrace","Warcry"],"picked":"Spot Weakness","floor":31},{"not_picked":["Double Tap","Fiend Fire"],"picked":"Limit Break","floor":33},{"not_picked":["Anger","Clothesline","Carnage"],"picked":"SKIP","floor":35},{"not_picked":["Trip","PanicButton"],"picked":"Panacea","floor":36},{"not_picked":["Flex","Reckless Charge","Clash"],"picked":"SKIP","floor":39},{"not_picked":["Havoc","Anger","Rampage+1"],"picked":"Singing Bowl","floor":41},{"not_picked":["Twin Strike","Evolve"],"picked":"Headbutt","floor":42},{"not_picked":["Armaments+1","Bludgeon"],"picked":"Evolve","floor":45},{"not_picked":["Wild Strike","Perfected Strike+1","Clash"],"picked":"Singing Bowl","floor":47},{"not_picked":["Havoc","Body Slam","Twin Strike"],"picked":"Singing Bowl","floor":48},{"not_picked":["Immolate","Clash","Power Through"],"picked":"Singing Bowl","floor":55}],"player_experience":5804591,"relics_obtained":[{"floor":7,"key":"Du-Vu Doll"},{"floor":9,"key":"Gambling Chip"},{"floor":11,"key":"Thread and Needle"},{"floor":12,"key":"Blue Candle"},{"floor":19,"key":"Lantern"},{"floor":23,"key":"Unceasing Top"},{"floor":25,"key":"Anchor"},{"floor":27,"key":"Whetstone"},{"floor":41,"key":"Singing Bowl"},{"floor":41,"key":"Bottled Flame"},{"floor":43,"key":"Pear"},{"floor":45,"key":"Orichalcum"},{"floor":45,"key":"Centennial Puzzle"},{"floor":47,"key":"Pocketwatch"},{"floor":47,"key":"Ice Cream"},{"floor":48,"key":"Calipers"},{"floor":55,"key":"Mummified Hand"},{"floor":55,"key":"Happy Flower"}],"event_choices":[{"damage_healed":0,"gold_gain":0,"player_choice":"Donut","damage_taken":0,"max_hp_gain":5,"max_hp_loss":0,"event_name":"Big Fish","floor":2,"gold_loss":0},{"damage_healed":0,"gold_gain":0,"player_choice":"Grow","damage_taken":0,"max_hp_gain":0,"max_hp_loss":0,"event_name":"Living Wall","floor":3,"gold_loss":0,"cards_upgraded":["Bash"]},{"damage_healed":0,"gold_gain":0,"player_choice":"Joined the Cult","damage_taken":6,"max_hp_gain":0,"max_hp_loss":0,"event_name":"Nest","floor":20,"gold_loss":0,"cards_obtained":["RitualDagger"]},{"damage_healed":0,"gold_gain":0,"player_choice":"Simplicity","damage_taken":0,"max_hp_gain":0,"max_hp_loss":0,"event_name":"Back to Basics","floor":21,"gold_loss":0,"cards_upgraded":["Strike_R","Strike_R","Defend_R","Defend_R","Defend_R","Defend_R"]},{"damage_healed":0,"gold_gain":0,"player_choice":"Obtain J.A.X.","damage_taken":0,"max_hp_gain":0,"max_hp_loss":0,"event_name":"Drug Dealer","floor":24,"gold_loss":0,"cards_obtained":["J.A.X."]},{"damage_healed":0,"gold_gain":0,"player_choice":"Memory 3","damage_taken":10,"max_hp_gain":0,"max_hp_loss":0,"event_name":"SensoryStone","floor":36,"gold_loss":0},{"damage_healed":0,"gold_gain":0,"player_choice":"Upgraded","damage_taken":0,"max_hp_gain":0,"max_hp_loss":0,"event_name":"Upgrade Shrine","floor":38,"gold_loss":0,"cards_upgraded":["Limit Break"]},{"damage_healed":0,"gold_gain":0,"player_choice":"Fight","damage_taken":0,"max_hp_gain":0,"max_hp_loss":0,"event_name":"MindBloom","floor":48,"gold_loss":0}],"is_beta":true,"boss_relics":[{"not_picked":["Runic Cube","Astrolabe"],"picked":"Velvet Choker"},{"not_picked":["Eternal Feather","Empty Cage"],"picked":"Black Star"}],"items_purged_floors":[4],"is_endless":false,"potions_floor_spawned":[7,12,13,22,25,27,28,31,39,45,48],"ascension_level":20}