{"gold_per_floor":[114,114,130,130,130,130,144,179,205,205,225,225,256,275,275,364,364,388,388,388,406,406,406,444,444,519,558,439,482,482,110,110,201,201,214,104,122,135,149,183,198,198,198,237,16,16,0,31,31,31,31,31,31,31,65,65],"floor_reached":57,"playtime":5900,"items_purged":["Pain","Strike_G+1","Shame"],"score":2958,"play_id":"b8a160c7-9f7e-4c63-977a-28af3f969f0d","local_time":"20190502140728","is_ascension_mode":true,"campfire_choices":[{"data":"Die Die Die","floor":6,"key":"SMITH"},{"floor":12,"key":"REST"},{"data":"Footwork","floor":15,"key":"SMITH"},{"data":"Noxious Fumes","floor":23,"key":"SMITH"},{"floor":25,"key":"REST"},{"floor":32,"key":"REST"},{"floor":42,"key":"REST"},{"floor":49,"key":"RECALL"},{"data":"Well Laid Plans","floor":53,"key":"SMITH"}],"neow_cost":"NONE","seed_source_timestamp":184212977447464,"circlet_count":0,"master_deck":["AscendersBane","Defend_G+1","Defend_G+1","Defend_G+1","Defend_G+1","Defend_G+1","Strike_G+1","Survivor","Neutralize","Flying Knee","Die Die Die+1","Well Laid Plans+1","Footwork+1","Quick Slash","Dash","After Image","Dodge and Roll","Envenom","Poisoned Stab+1","Noxious Fumes+1","Backflip","Backflip+1","Catalyst","Footwork","PiercingWail","Malaise","Blade Dance","Sucker Punch+1","Blur","Backflip","Backflip+1","Leg Sweep","Deflect","Noxious Fumes"],"relics":["Ring of the Snake","Golden Idol","Dream Catcher","Orichalcum","Paper Crane","Cursed Key","Tough Bandages","Kunai","Mango","Turnip","Enchiridion","Bottled Tornado","Empty Cage","Pantograph","Boot","Red Mask","Smiling Mask","Unceasing Top"],"potions_floor_usage":[8,8,24,27,29,37,41,56,56],"damage_taken":[{"damage":11,"enemies":"Jaw Worm","floor":1,"turns":8},{"damage":0,"enemies":"2 Louse","floor":3,"turns":5},{"damage":0,"enemies":"Cultist","floor":7,"turns":3},{"damage":24,"enemies":"Lagavulin","floor":8,"turns":8},{"damage":0,"enemies":"2 Fungi Beasts","floor":11,"turns":3},{"damage":6,"enemies":"3 Sentries","floor":13,"turns":7},{"damage":0,"enemies":"Exordium Wildlife","floor":14,"turns":2},{"damage":0,"enemies":"The Guardian","floor":16,"turns":21},{"damage":1,"enemies":"Chosen","floor":18,"turns":5},{"damage":0,"enemies":"Spheric Guardian","floor":21,"turns":6},{"damage":28,"enemies":"Book of Stabbing","floor":24,"turns":6},{"damage":11,"enemies":"Gremlin Leader","floor":27,"turns":6},{"damage":38,"enemies":"Book of Stabbing","floor":29,"turns":6},{"damage":8,"enemies":"Collector","floor":33,"turns":9},{"damage":0,"enemies":"3 Shapes","floor":35,"turns":4},{"damage":4,"enemies":"3 Darklings","floor":37,"turns":5},{"damage":1,"enemies":"Writhing Mass","floor":38,"turns":9},{"damage":13,"enemies":"Transient","floor":39,"turns":6},{"damage":33,"enemies":"Reptomancer","floor":40,"turns":11},{"damage":17,"enemies":"Jaw Worm Horde","floor":41,"turns":7},{"damage":1,"enemies":"Nemesis","floor":44,"turns":11},{"damage":0,"enemies":"Giant Head","floor":48,"turns":9},{"damage":2,"enemies":"Donu and Deca","floor":50,"turns":17},{"damage":6,"enemies":"Time Eater","floor":51,"turns":22},{"damage":44,"enemies":"Shield and Spear","floor":55,"turns":12},{"damage":59,"enemies":"The Heart","floor":56,"turns":15}],"seed_played":"2739545613221425922","potions_obtained":[{"floor":1,"key":"Explosive Potion"},{"floor":7,"key":"Strength Potion"},{"floor":16,"key":"Swift Potion"},{"floor":21,"key":"Block Potion"},{"floor":27,"key":"Regen Potion"},{"floor":29,"key":"GamblersBrew"},{"floor":33,"key":"SpeedPotion"},{"floor":40,"key":"Fire Potion"}],"is_trial":false,"path_per_floor":["M","?","M","?","?","R","M","E","T","?","M","R","E","M","R","B",null,"M","?","?","M","?","R","E","R","T","E","$","E","?","$","R","B",null,"M","?","M","M","M","E","M","R","T","E","$","T","?","E","R","B","B",null,"R","$","E","B",null],"character_chosen":"THE_SILENT","items_purchased":["Footwork","Bottled Tornado","Leg Sweep","Swift Potion"],"campfire_rested":4,"item_purchase_floors":[28,31,45,45],"current_hp_per_floor":[54,59,59,59,59,59,59,35,35,14,14,35,29,29,29,29,60,59,59,59,59,59,59,31,52,52,55,55,32,11,11,36,28,70,70,70,66,65,52,19,2,27,27,26,26,26,26,26,26,49,68,80,80,80,36,2],"gold":65,"neow_bonus":"TEN_PERCENT_HP_BONUS","is_prod":false,"is_daily":false,"chose_seed":false,"campfire_upgraded":4,"win_rate":0,"timestamp":1556831248,"path_taken":["M","?","M","?","?","R","?","E","T","?","M","R","E","M","R","BOSS","M","?","?","?","?","R","E","R","T","E","$","E","?","$","R","BOSS","M","?","?","M","M","E","M","R","T","E","?","?","?","E","R","BOSS","BOSS","R","$","E","BOSS"],"build_version":"2019-04-23","purchased_purges":3,"victory":true,"max_hp_per_floor":[72,77,77,70,70,70,70,70,70,70,70,70,70,70,70,70,70,70,70,70,70,70,70,70,70,70,84,84,84,84,84,84,84,84,84,84,84,84,84,84,84,84,84,84,84,84,84,84,84,84,84,84,84,84,84,84],"card_choices":[{"not_picked":["Accuracy","Finisher"],"picked":"Flying Knee","floor":1},{"not_picked":["Acrobatics","Choke","Bane"],"picked":"SKIP","floor":3},{"not_picked":["Slice","Sucker Punch","Underhanded Strike"],"picked":"SKIP","floor":7},{"not_picked":["Quick Slash","PiercingWail"],"picked":"Footwork","floor":8},{"not_picked":["Bane","Dagger Spray"],"picked":"Quick Slash","floor":11},{"not_picked":["Backflip","Expertise"],"picked":"Dash","floor":12},{"not_picked":["Calculated Gamble","Die Die Die"],"picked":"After Image","floor":13},{"not_picked":["Predator","Outmaneuver"],"picked":"Dodge and Roll","floor":14},{"not_picked":["Storm of Steel","Die Die Die"],"picked":"Envenom","floor":16},{"not_picked":["Bane","Prepared"],"picked":"Poisoned Stab+1","floor":18},{"not_picked":["Blade Dance","Quick Slash"],"picked":"Noxious Fumes","floor":21},{"not_picked":["Deflect","Outmaneuver+1","Choke"],"picked":"SKIP","floor":24},{"not_picked":["Terror","Tactician"],"picked":"Backflip","floor":25},{"not_picked":["Deadly Poison","Concentrate"],"picked":"Catalyst","floor":27},{"not_picked":["Slice","Deadly Poison+1","Outmaneuver"],"picked":"SKIP","floor":29},{"not_picked":["Noxious Fumes","Flying Knee"],"picked":"PiercingWail","floor":32},{"not_picked":["Venomology","Glass Knife"],"picked":"Malaise","floor":33},{"not_picked":["Deflect","Dagger Throw+1"],"picked":"Blade Dance","floor":35},{"not_picked":["Blade Dance","Cloak And Dagger"],"picked":"Sucker Punch+1","floor":37},{"not_picked":["Poisoned Stab","Dash","Sucker Punch"],"picked":"SKIP","floor":38},{"not_picked":["Dash","Outmaneuver","Prepared"],"picked":"SKIP","floor":39},{"not_picked":["Blade Dance","Deadly Poison+1","Dodge and Roll"],"picked":"SKIP","floor":40},{"not_picked":["Sucker Punch+1","Infinite Blades"],"picked":"Blur","floor":41},{"not_picked":["Blur","Quick Slash"],"picked":"Backflip","floor":42},{"not_picked":["Heel Hook","Terror"],"picked":"Backflip+1","floor":44},{"not_picked":["Concentrate","All Out Attack+1"],"picked":"Deflect","floor":48},{"not_picked":["Distraction","Flechettes+1"],"picked":"Noxious Fumes","floor":55}],"player_experience":6050227,"relics_obtained":[{"floor":8,"key":"Dream Catcher"},{"floor":9,"key":"Orichalcum"},{"floor":13,"key":"Paper Crane"},{"floor":24,"key":"Tough Bandages"},{"floor":26,"key":"Kunai"},{"floor":27,"key":"Mango"},{"floor":29,"key":"Turnip"},{"floor":30,"key":"Enchiridion"},{"floor":40,"key":"Pantograph"},{"floor":44,"key":"Boot"},{"floor":48,"key":"Smiling Mask"},{"floor":55,"key":"Unceasing Top"}],"event_choices":[{"damage_healed":0,"gold_gain":0,"player_choice":"Donut","damage_taken":0,"max_hp_gain":5,"max_hp_loss":0,"event_name":"Big Fish","floor":2,"gold_loss":0},{"damage_healed":0,"gold_gain":0,"player_choice":"Lose Max HP","damage_taken":0,"relics_obtained":["Golden Idol"],"max_hp_gain":0,"max_hp_loss":7,"event_name":"Golden Idol","floor":4,"gold_loss":0},{"damage_healed":0,"gold_gain":0,"player_choice":"2 cards matched","damage_taken":0,"max_hp_gain":0,"max_hp_loss":0,"event_name":"Match and Keep!","floor":5,"gold_loss":0,"cards_obtained":["Die Die Die","Well Laid Plans"]},{"damage_healed":0,"gold_gain":0,"player_choice":"Entered Light","damage_taken":21,"max_hp_gain":0,"max_hp_loss":0,"event_name":"Shining Light","floor":10,"gold_loss":0,"cards_upgraded":["Defend_G","Strike_G"]},{"damage_healed":0,"gold_gain":0,"player_choice":"Ignored","damage_taken":0,"max_hp_gain":0,"max_hp_loss":0,"event_name":"The Mausoleum","floor":19,"gold_loss":0},{"damage_healed":0,"gold_gain":0,"player_choice":"Simplicity","damage_taken":0,"max_hp_gain":0,"max_hp_loss":0,"event_name":"Back to Basics","floor":20,"gold_loss":0,"cards_upgraded":["Defend_G","Defend_G","Defend_G","Defend_G","Strike_G","Strike_G","Strike_G","Strike_G"]},{"damage_healed":0,"gold_gain":0,"player_choice":"Read","damage_taken":0,"max_hp_gain":0,"max_hp_loss":0,"event_name":"The Library","floor":22,"gold_loss":0,"cards_obtained":["Backflip"]},{"damage_healed":0,"gold_gain":0,"player_choice":"Obtained Book","damage_taken":21,"max_hp_gain":0,"max_hp_loss":0,"event_name":"Cursed Tome","floor":30,"gold_loss":0},{"cards_removed":["Strike_G"],"damage_healed":0,"gold_gain":0,"player_choice":"Upgrade and Remove","damage_taken":0,"max_hp_gain":0,"max_hp_loss":0,"event_name":"Designer","floor":36,"gold_loss":110,"cards_upgraded":["Backflip"]},{"damage_healed":0,"gold_gain":0,"player_choice":"Paid","damage_taken":0,"relics_obtained":["Red Mask"],"max_hp_gain":0,"max_hp_loss":0,"event_name":"Tomb of Lord Red Mask","floor":47,"gold_loss":16}],"is_beta":true,"boss_relics":[{"not_picked":["Calling Bell","Ring of the Serpent"],"picked":"Cursed Key"},{"not_picked":["HoveringKite","WristBlade"],"picked":"Empty Cage"}],"items_purged_floors":[28,31,45],"is_endless":false,"potions_floor_spawned":[1,7,16,21,27,29,33,35,40,48],"ascension_level":20}