{"gold_per_floor":[210,135,47,60,75,75,90,90,135,135,147,182,182,215,215,293,293,253,253,268,281,292,292,324,324,351,363,374,374,399,412,412,486,486,503,503,503,521,539,565,585,685,709,735,317,346,356,391,391,391,391,391,391,195,226,226],"floor_reached":57,"playtime":4339,"items_purged":["Pain","Strike_G"],"score":3498,"play_id":"176cc005-1927-49d5-8d3f-a18d432adb7a","local_time":"20190423143314","is_ascension_mode":true,"campfire_choices":[{"data":"Noxious Fumes","floor":6,"key":"SMITH"},{"data":"Footwork","floor":8,"key":"SMITH"},{"data":"Neutralize","floor":10,"key":"SMITH"},{"data":"Deadly Poison","floor":15,"key":"SMITH"},{"data":"Catalyst","floor":23,"key":"SMITH"},{"data":"Bouncing Flask","floor":25,"key":"SMITH"},{"data":"Concentrate","floor":29,"key":"SMITH"},{"data":"Leg Sweep","floor":32,"key":"SMITH"},{"floor":49,"key":"RECALL"},{"floor":53,"key":"REST"}],"neow_cost":"NONE","seed_source_timestamp":91276187729632,"circlet_count":0,"master_deck":["AscendersBane","Defend_G","Defend_G","Defend_G","Defend_G","Defend_G","Strike_G","Strike_G","Survivor","Neutralize+1","Deadly Poison+1","Noxious Fumes+1","Dagger Throw","Footwork+1","Backstab","Calculated Gamble","Blur","Wraith Form v2+1","Flying Knee","Catalyst+1","Leg Sweep+1","Bouncing Flask+1","Deflect","Deflect+1","Concentrate+1","Noxious Fumes","Backflip","Adrenaline","Deadly Poison","Footwork","Backflip","Backflip","Prepared+1","Footwork","Panacea","Malaise","PiercingWail","PiercingWail","Noxious Fumes","Dodge and Roll"],"relics":["Ring of the Snake","Anchor","Pen Nib","Snake Skull","Runic Pyramid","Ice Cream","Centennial Puzzle","Nunchaku","Sozu","WarpedTongs","PreservedInsect","Torii","Bag of Preparation","Medical Kit","Oddly Smooth Stone","Turnip","Dodecahedron"],"potions_floor_usage":[11,14,56,56],"damage_taken":[{"damage":0,"enemies":"Jaw Worm","floor":1,"turns":6},{"damage":1,"enemies":"Small Slimes","floor":4,"turns":5},{"damage":1,"enemies":"2 Louse","floor":5,"turns":3},{"damage":9,"enemies":"Red Slaver","floor":7,"turns":5},{"damage":0,"enemies":"3 Louse","floor":11,"turns":2},{"damage":7,"enemies":"Lagavulin","floor":12,"turns":7},{"damage":10,"enemies":"3 Sentries","floor":14,"turns":7},{"damage":2,"enemies":"The Guardian","floor":16,"turns":9},{"damage":0,"enemies":"2 Thieves","floor":18,"turns":5},{"damage":0,"enemies":"Chosen","floor":20,"turns":5},{"damage":2,"enemies":"Sentry and Sphere","floor":21,"turns":7},{"damage":2,"enemies":"Cultist and Chosen","floor":22,"turns":6},{"damage":3,"enemies":"Book of Stabbing","floor":24,"turns":5},{"damage":0,"enemies":"Snake Plant","floor":27,"turns":2},{"damage":3,"enemies":"Centurion and Healer","floor":28,"turns":6},{"damage":0,"enemies":"Gremlin Leader","floor":30,"turns":5},{"damage":0,"enemies":"3 Cultists","floor":31,"turns":5},{"damage":0,"enemies":"Champ","floor":33,"turns":7},{"damage":0,"enemies":"3 Darklings","floor":35,"turns":4},{"damage":1,"enemies":"Orb Walker","floor":38,"turns":5},{"damage":4,"enemies":"Writhing Mass","floor":39,"turns":4},{"damage":1,"enemies":"Nemesis","floor":40,"turns":7},{"damage":6,"enemies":"4 Shapes","floor":41,"turns":8},{"damage":1,"enemies":"Mind Bloom Boss Battle","floor":42,"turns":6},{"damage":3,"enemies":"Giant Head","floor":44,"turns":7},{"damage":0,"enemies":"Nemesis","floor":46,"turns":5},{"damage":0,"enemies":"Sphere and 2 Shapes","floor":47,"turns":5},{"damage":0,"enemies":"Reptomancer","floor":48,"turns":6},{"damage":8,"enemies":"Awakened One","floor":50,"turns":18},{"damage":0,"enemies":"Donu and Deca","floor":51,"turns":14},{"damage":1,"enemies":"Shield and Spear","floor":55,"turns":9},{"damage":0,"enemies":"The Heart","floor":56,"turns":9}],"seed_played":"-3092567334535317707","potions_obtained":[{"floor":5,"key":"AttackPotion"},{"floor":12,"key":"Block Potion"},{"floor":14,"key":"EssenceOfSteel"},{"floor":20,"key":"Weak Potion"},{"floor":22,"key":"Explosive Potion"},{"floor":24,"key":"GhostInAJar"},{"floor":28,"key":"GhostInAJar"}],"is_trial":false,"path_per_floor":["M","?","$","M","M","R","M","R","T","R","M","E","?","E","R","B",null,"M","?","M","M","M","R","E","R","T","M","M","R","E","M","R","B",null,"M","?","?","M","M","E","M","?","T","E","$","E","M","E","R","B","B",null,"R","$","E","B",null],"character_chosen":"THE_SILENT","items_purchased":["Noxious Fumes","Medical Kit","Footwork","Panacea","PiercingWail","Noxious Fumes"],"campfire_rested":1,"item_purchase_floors":[3,45,45,45,54,54],"current_hp_per_floor":[59,59,59,58,57,57,48,48,48,48,48,41,46,36,36,34,62,62,62,62,60,58,58,55,55,55,55,52,52,52,52,52,52,66,66,66,66,65,61,60,54,53,53,50,50,50,50,50,50,42,42,64,71,71,70,70],"gold":226,"neow_bonus":"HUNDRED_GOLD","is_prod":false,"is_daily":false,"chose_seed":false,"campfire_upgraded":8,"win_rate":0,"timestamp":1556055194,"path_taken":["M","?","$","M","M","R","M","R","T","R","M","E","?","E","R","BOSS","M","?","M","M","?","R","E","R","T","M","M","R","E","M","R","BOSS","M","?","?","M","?","E","?","?","T","E","$","E","M","E","R","BOSS","BOSS","R","$","E","BOSS"],"build_version":"2019-04-21","purchased_purges":2,"victory":true,"max_hp_per_floor":[66,66,66,66,66,66,66,66,66,66,66,66,71,71,71,71,71,71,71,71,71,71,71,71,71,71,71,71,71,71,71,71,71,71,71,71,71,71,71,71,71,71,71,71,71,71,71,71,71,71,71,71,71,71,71,71],"card_choices":[{"not_picked":["Backflip","Acrobatics"],"picked":"Deadly Poison","floor":1},{"not_picked":["Slice","Infinite Blades"],"picked":"Dagger Throw","floor":4},{"not_picked":["Flechettes","Bane","Masterful Stab"],"picked":"SKIP","floor":5},{"not_picked":["PiercingWail","Deadly Poison"],"picked":"Footwork","floor":7},{"not_picked":["Sucker Punch","Outmaneuver"],"picked":"Backstab","floor":11},{"not_picked":["Escape Plan","Quick Slash"],"picked":"Calculated Gamble","floor":12},{"not_picked":["Caltrops","Burst"],"picked":"Blur","floor":14},{"not_picked":["Burst","Storm of Steel"],"picked":"Wraith Form v2","floor":16},{"not_picked":["Masterful Stab","Outmaneuver"],"picked":"Flying Knee","floor":18},{"not_picked":["Deadly Poison+1","Unload"],"picked":"Catalyst","floor":20},{"not_picked":["Dagger Throw","Deadly Poison+1"],"picked":"Leg Sweep","floor":21},{"not_picked":["Sucker Punch","Quick Slash"],"picked":"Bouncing Flask","floor":22},{"not_picked":["Dodge and Roll","Tools of the Trade"],"picked":"Deflect","floor":24},{"not_picked":["Blade Dance","Dagger Throw"],"picked":"Deflect+1","floor":27},{"not_picked":["Blur","Dagger Throw"],"picked":"Concentrate","floor":28},{"not_picked":["Dagger Spray","Deadly Poison"],"picked":"Noxious Fumes","floor":30},{"not_picked":["Skewer","Bouncing Flask"],"picked":"Backflip","floor":31},{"not_picked":["Phantasmal Killer","A Thousand Cuts"],"picked":"Adrenaline","floor":33},{"not_picked":["Backstab+1","Blade Dance+1"],"picked":"Deadly Poison","floor":35},{"not_picked":["Infinite Blades","Setup+1","Deadly Poison"],"picked":"SKIP","floor":38},{"not_picked":["Quick Slash","Escape Plan"],"picked":"Footwork","floor":39},{"not_picked":["Backstab","Dagger Throw"],"picked":"Backflip","floor":40},{"not_picked":["Poisoned Stab","Outmaneuver","Blade Dance+1"],"picked":"SKIP","floor":41},{"not_picked":["Deadly Poison","Backstab"],"picked":"Backflip","floor":42},{"not_picked":["Well Laid Plans","Outmaneuver+1"],"picked":"Prepared+1","floor":44},{"not_picked":["Caltrops","Quick Slash"],"picked":"Malaise","floor":46},{"not_picked":["Flechettes","Bane","Blade Dance+1"],"picked":"SKIP","floor":47},{"not_picked":["Envenom","Well Laid Plans"],"picked":"PiercingWail","floor":48},{"not_picked":["Endless Agony","Riddle With Holes"],"picked":"Dodge and Roll","floor":55}],"player_experience":5791542,"relics_obtained":[{"floor":9,"key":"Anchor"},{"floor":12,"key":"Pen Nib"},{"floor":14,"key":"Snake Skull"},{"floor":24,"key":"Ice Cream"},{"floor":26,"key":"Centennial Puzzle"},{"floor":30,"key":"Nunchaku"},{"floor":40,"key":"PreservedInsect"},{"floor":42,"key":"Torii"},{"floor":44,"key":"Bag of Preparation"},{"floor":46,"key":"Oddly Smooth Stone"},{"floor":48,"key":"Turnip"},{"floor":55,"key":"Dodecahedron"}],"event_choices":[{"cards_removed":["Strike_G"],"damage_healed":0,"gold_gain":0,"player_choice":"Card Removal","damage_taken":0,"max_hp_gain":0,"max_hp_loss":0,"event_name":"The Cleric","floor":2,"gold_loss":75},{"damage_healed":0,"gold_gain":0,"player_choice":"Donut","damage_taken":0,"max_hp_gain":5,"max_hp_loss":0,"event_name":"Big Fish","floor":13,"gold_loss":0},{"damage_healed":0,"gold_gain":0,"player_choice":"Upgraded","damage_taken":0,"max_hp_gain":0,"max_hp_loss":0,"event_name":"Upgrade Shrine","floor":19,"gold_loss":0,"cards_upgraded":["Wraith Form v2"]},{"cards_removed":["Strike_G"],"damage_healed":0,"gold_gain":0,"player_choice":"Removed Attack","damage_taken":0,"max_hp_gain":0,"max_hp_loss":0,"event_name":"Falling","floor":36,"gold_loss":0},{"damage_healed":0,"gold_gain":0,"player_choice":"Rummage","damage_taken":0,"relics_obtained":["WarpedTongs"],"max_hp_gain":0,"max_hp_loss":0,"event_name":"Accursed Blacksmith","floor":37,"gold_loss":0,"cards_obtained":["Pain"]},{"damage_healed":0,"gold_gain":0,"player_choice":"Fight","damage_taken":0,"max_hp_gain":0,"max_hp_loss":0,"event_name":"MindBloom","floor":42,"gold_loss":0}],"is_beta":true,"boss_relics":[{"not_picked":["Pandora\u0027s Box","Ectoplasm"],"picked":"Runic Pyramid"},{"not_picked":["Black Star","Lizard Tail"],"picked":"Sozu"}],"items_purged_floors":[45,54],"is_endless":false,"potions_floor_spawned":[5,12,14,20,22,24,28,30,39,40,41,42,55],"ascension_level":20}