{"gold_per_floor":[113,113,113,130,2,32,43,43,122,153,153,0,17,17,17,90,90,103,103,115,132,132,132,159,159,159,169,203,203,3,13,13,87,87,103,120,10,10,23,23],"floor_reached":40,"playtime":2239,"items_purged":["Strike_B","Strike_B","Doubt"],"score":918,"play_id":"0fa6b8b6-9f4a-4b87-ada0-d2e8afc23a9e","local_time":"20190503022500","is_ascension_mode":true,"campfire_choices":[{"floor":8,"key":"REST"},{"floor":15,"key":"REST"},{"floor":23,"key":"REST"},{"floor":25,"key":"REST"},{"floor":29,"key":"REST"},{"floor":32,"key":"REST"}],"neow_cost":"NONE","seed_source_timestamp":232143926107528,"circlet_count":0,"master_deck":["AscendersBane","Strike_B","Defend_B","Defend_B","Defend_B","Defend_B","Zap","Dualcast","Sweeping Beam","Coolheaded","Coolheaded","Gash","Core Surge","Rainbow","Ball Lightning+1","Consume","Hyperbeam","Defragment","Doom and Gloom","Sweeping Beam","Defragment","Redo","Compile Driver","Consume+1","Writhe","Heatsinks"],"relics":["Philosopher\u0027s Stone","Boot","Mummified Hand","Incense Burner","DataDisk","Cursed Key","Bag of Marbles","Darkstone Periapt","Dream Catcher","Inserter"],"potions_floor_usage":[10,10,16,20,24,28,33,33,35,39],"damage_taken":[{"damage":8,"enemies":"Jaw Worm","floor":1,"turns":4},{"damage":0,"enemies":"Cultist","floor":4,"turns":4},{"damage":31,"enemies":"3 Sentries","floor":6,"turns":8},{"damage":3,"enemies":"Small Slimes","floor":7,"turns":3},{"damage":11,"enemies":"Gremlin Nob","floor":10,"turns":3},{"damage":0,"enemies":"Blue Slaver","floor":13,"turns":9},{"damage":11,"enemies":"Slime Boss","floor":16,"turns":13},{"damage":4,"enemies":"Chosen","floor":18,"turns":4},{"damage":6,"enemies":"3 Byrds","floor":20,"turns":3},{"damage":40,"enemies":"3 Cultists","floor":21,"turns":6},{"damage":21,"enemies":"Slavers","floor":24,"turns":5},{"damage":0,"enemies":"Chosen and Byrds","floor":27,"turns":6},{"damage":21,"enemies":"Gremlin Leader","floor":28,"turns":9},{"damage":16,"enemies":"Sentry and Sphere","floor":31,"turns":4},{"damage":32,"enemies":"Champ","floor":33,"turns":12},{"damage":6,"enemies":"Orb Walker","floor":35,"turns":3},{"damage":34,"enemies":"3 Darklings","floor":36,"turns":3},{"damage":22,"enemies":"Spire Growth","floor":39,"turns":6},{"damage":21,"enemies":"Giant Head","floor":40,"turns":4}],"seed_played":"5852991977980079945","potions_obtained":[{"floor":4,"key":"Ancient Potion"},{"floor":6,"key":"Strength Potion"},{"floor":10,"key":"Explosive Potion"},{"floor":20,"key":"LiquidBronze"},{"floor":21,"key":"Swift Potion"},{"floor":28,"key":"EntropicBrew"},{"floor":39,"key":"Ancient Potion"}],"is_trial":false,"path_per_floor":["M","?","T","M","$","E","M","R","T","E","?","$","M","?","R","B",null,"M","?","M","M","?","R","E","R","T","M","E","R","$","M","R","B",null,"M","M","$","?","M","E"],"character_chosen":"DEFECT","items_purchased":["Poison Potion","Explosive Potion","Defragment","Weak Potion","Poison Potion"],"campfire_rested":6,"item_purchase_floors":[5,12,30,37,37],"current_hp_per_floor":[56,45,45,45,45,14,11,32,32,21,21,21,21,21,42,31,61,57,57,51,11,11,32,11,32,32,32,11,32,32,16,37,5,55,49,15,15,35,13,0],"gold":23,"neow_bonus":"BOSS_RELIC","is_prod":false,"is_daily":false,"chose_seed":false,"campfire_upgraded":0,"win_rate":0,"timestamp":1556875500,"path_taken":["M","?","?","M","$","E","?","R","T","E","?","$","M","?","R","BOSS","M","?","M","?","?","R","E","R","T","M","E","R","$","M","R","BOSS","M","M","$","?","M","E"],"build_version":"2019-04-23","purchased_purges":3,"victory":false,"max_hp_per_floor":[71,71,71,71,71,71,71,71,71,71,71,71,71,71,71,71,71,71,71,71,71,71,71,71,71,71,71,71,71,71,71,71,71,71,71,71,71,77,77,77],"card_choices":[{"not_picked":["Stack","Genetic Algorithm"],"picked":"Sweeping Beam","floor":1},{"not_picked":["Redo","Hologram"],"picked":"Coolheaded","floor":4},{"not_picked":["Recycle","Compile Driver"],"picked":"Coolheaded","floor":6},{"not_picked":["Lockon","Redo"],"picked":"Gash","floor":7},{"not_picked":["Beam Cell","Redo"],"picked":"Core Surge","floor":10},{"not_picked":["Streamline","Redo","Go for the Eyes"],"picked":"SKIP","floor":13},{"not_picked":["Creative AI","Buffer"],"picked":"Rainbow","floor":16},{"not_picked":["Steam","Streamline"],"picked":"Ball Lightning+1","floor":18},{"not_picked":["Fusion","Darkness","FTL"],"picked":"SKIP","floor":20},{"not_picked":["Conserve Battery","Self Repair+1"],"picked":"Consume","floor":21},{"not_picked":["Double Energy","Cold Snap"],"picked":"Hyperbeam","floor":24},{"not_picked":["Scrape","Lockon"],"picked":"Defragment","floor":27},{"not_picked":["Go for the Eyes","FTL"],"picked":"Doom and Gloom","floor":28},{"not_picked":["Gash","Steam"],"picked":"Sweeping Beam","floor":29},{"not_picked":["Melter","Blizzard"],"picked":"Redo","floor":31},{"not_picked":["Rebound","Leap"],"picked":"Compile Driver","floor":35},{"not_picked":["Chaos+1","Loop"],"picked":"Consume+1","floor":36},{"not_picked":["BootSequence+1","Steam"],"picked":"Heatsinks","floor":39}],"player_experience":6086677,"relics_obtained":[{"floor":3,"key":"Mummified Hand"},{"floor":6,"key":"Incense Burner"},{"floor":10,"key":"DataDisk"},{"floor":24,"key":"Bag of Marbles"},{"floor":26,"key":"Darkstone Periapt"},{"floor":28,"key":"Dream Catcher"}],"event_choices":[{"damage_healed":0,"gold_gain":0,"player_choice":"Success","damage_taken":11,"relics_obtained":["Boot"],"max_hp_gain":0,"max_hp_loss":0,"event_name":"Scrap Ooze","floor":2,"gold_loss":0},{"damage_healed":0,"gold_gain":0,"player_choice":"Ignored","damage_taken":0,"max_hp_gain":0,"max_hp_loss":0,"event_name":"Shining Light","floor":11,"gold_loss":0},{"damage_healed":0,"gold_gain":0,"player_choice":"Ignored","damage_taken":0,"max_hp_gain":0,"max_hp_loss":0,"event_name":"Liars Game","floor":14,"gold_loss":0},{"cards_removed":["Strike_B"],"damage_healed":0,"gold_gain":0,"player_choice":"Card Removal","damage_taken":0,"max_hp_gain":0,"max_hp_loss":0,"event_name":"Wheel of Change","floor":19,"gold_loss":0},{"damage_healed":0,"gold_gain":0,"player_choice":"Ignored","damage_taken":0,"max_hp_gain":0,"max_hp_loss":0,"event_name":"Cursed Tome","floor":22,"gold_loss":0},{"damage_healed":14,"gold_gain":0,"player_choice":"Writhe","damage_taken":0,"max_hp_gain":0,"max_hp_loss":0,"event_name":"Winding Halls","floor":38,"gold_loss":0,"cards_obtained":["Writhe"]}],"is_beta":true,"boss_relics":[{"not_picked":["Fusion Hammer","Runic Dome"],"picked":"Cursed Key"},{"not_picked":["Busted Crown","Orrery"],"picked":"Inserter"}],"items_purged_floors":[5,12,30],"is_endless":false,"potions_floor_spawned":[4,6,10,20,21,28,39],"killed_by":"Giant Head","ascension_level":20}