{"gold_per_floor":[112,3,3,0,17,17,31,65,65,90,90,108,3,29,29,103,103,117,133,33,33,50,50,50,77,77,102,102,121,134,54,54,131,131,141,156,256,256,270,270],"floor_reached":40,"playtime":2783,"items_purged":["Strike_G","Strike_G"],"score":963,"play_id":"276fc5e3-5ce2-4845-97f1-e6e932236d3c","local_time":"20190430180320","is_ascension_mode":true,"campfire_choices":[{"floor":6,"key":"REST"},{"floor":11,"key":"REST"},{"floor":15,"key":"REST"},{"data":"1","floor":23,"key":"LIFT"},{"floor":32,"key":"REST"}],"neow_cost":"NONE","seed_source_timestamp":28700705820986,"circlet_count":0,"master_deck":["AscendersBane","Defend_G","Defend_G+1","Defend_G","Defend_G","Defend_G+1","Strike_G","Survivor","Neutralize+1","Noxious Fumes","Dash","Poisoned Stab","PiercingWail","Calculated Gamble","PiercingWail","Poisoned Stab+1","Adrenaline","Unload+1","Well Laid Plans","Leg Sweep","Footwork","Poisoned Stab+1","RitualDagger+1","Crippling Poison","Dodge and Roll","Catalyst","Well Laid Plans","Glass Knife+1","Flash of Steel+1"],"relics":["Ring of the Snake","Girya","Molten Egg 2","Potion Belt","Fusion Hammer","Singing Bowl","Ninja Scroll","Omamori","Boot","Empty Cage","Turnip"],"potions_floor_usage":[8,10,15,22,29,39,40],"damage_taken":[{"damage":8,"enemies":"Jaw Worm","floor":1,"turns":9},{"damage":0,"enemies":"2 Louse","floor":5,"turns":2},{"damage":0,"enemies":"Cultist","floor":7,"turns":3},{"damage":21,"enemies":"Gremlin Nob","floor":8,"turns":4},{"damage":11,"enemies":"3 Sentries","floor":10,"turns":7},{"damage":0,"enemies":"Lots of Slimes","floor":12,"turns":6},{"damage":11,"enemies":"Lagavulin","floor":14,"turns":7},{"damage":51,"enemies":"Slime Boss","floor":16,"turns":13},{"damage":4,"enemies":"Chosen","floor":18,"turns":5},{"damage":4,"enemies":"2 Thieves","floor":19,"turns":4},{"damage":9,"enemies":"Cultist and Chosen","floor":22,"turns":8},{"damage":0,"enemies":"Book of Stabbing","floor":25,"turns":6},{"damage":3,"enemies":"Gremlin Leader","floor":27,"turns":7},{"damage":6,"enemies":"Snecko","floor":29,"turns":5},{"damage":4,"enemies":"Shelled Parasite and Fungi","floor":30,"turns":6},{"damage":16,"enemies":"Champ","floor":33,"turns":13},{"damage":0,"enemies":"3 Shapes","floor":35,"turns":8},{"damage":0,"enemies":"Orb Walker","floor":36,"turns":3},{"damage":18,"enemies":"Mind Bloom Boss Battle","floor":37,"turns":8},{"damage":13,"enemies":"Spire Growth","floor":39,"turns":6},{"damage":33,"enemies":"Reptomancer","floor":40,"turns":3}],"seed_played":"-2030368026653328828","potions_obtained":[{"floor":1,"key":"Poison Potion"},{"floor":7,"key":"LiquidBronze"},{"floor":12,"key":"Fruit Juice"},{"floor":16,"key":"Fire Potion"},{"floor":19,"key":"Energy Potion"},{"floor":25,"key":"Swift Potion"},{"floor":33,"key":"PowerPotion"},{"floor":35,"key":"Weak Potion"},{"floor":36,"key":"Weak Potion"}],"is_trial":false,"path_per_floor":["M","$","?","?","M","R","M","E","T","E","R","M","$","E","R","B",null,"M","M","$","?","M","R","?","E","T","E","?","M","M","$","R","B",null,"M","M","?","?","M","E"],"character_chosen":"THE_SILENT","items_purchased":["Dash","Poisoned Stab","Poisoned Stab+1","Well Laid Plans"],"campfire_rested":4,"item_purchase_floors":[2,2,13,31],"current_hp_per_floor":[51,51,31,31,31,50,50,29,29,18,37,37,37,26,52,1,54,50,46,46,46,37,37,31,31,31,28,28,24,20,20,41,25,61,63,65,49,43,32,0],"gold":270,"neow_bonus":"UPGRADE_CARD","is_prod":false,"is_daily":false,"chose_seed":false,"campfire_upgraded":0,"win_rate":0,"timestamp":1556672600,"path_taken":["M","$","?","?","M","R","M","E","T","E","R","M","$","E","R","BOSS","M","M","$","?","M","R","?","E","T","E","?","?","M","?","R","BOSS","M","?","?","?","M","E"],"build_version":"2019-04-23","purchased_purges":2,"victory":false,"max_hp_per_floor":[66,66,66,66,66,66,66,66,66,66,66,66,66,66,71,71,71,71,71,71,71,71,71,71,71,71,71,71,73,73,73,73,73,73,75,77,79,83,85,85],"card_choices":[{"not_picked":["Endless Agony","Dagger Throw"],"picked":"Noxious Fumes","floor":1},{"not_picked":["Underhanded Strike","Dagger Spray","Bane"],"picked":"SKIP","floor":5},{"not_picked":["Calculated Gamble","Underhanded Strike","Slice"],"picked":"SKIP","floor":7},{"not_picked":["Blur","Prepared"],"picked":"PiercingWail","floor":8},{"not_picked":["Distraction","Choke"],"picked":"Calculated Gamble","floor":10},{"not_picked":["Backflip","Deadly Poison"],"picked":"PiercingWail","floor":12},{"not_picked":["Eviscerate+1","Deflect"],"picked":"Adrenaline","floor":14},{"not_picked":["Phantasmal Killer","Envenom"],"picked":"Unload+1","floor":16},{"not_picked":["Backstab+1","Predator+1"],"picked":"Well Laid Plans","floor":18},{"not_picked":["Caltrops","Flechettes+1"],"picked":"Leg Sweep","floor":19},{"not_picked":["Slice+1","Infinite Blades"],"picked":"Poisoned Stab+1","floor":22},{"not_picked":["Sucker Punch+1","Finisher+1"],"picked":"Crippling Poison","floor":25},{"not_picked":["All Out Attack+1","Sucker Punch+1"],"picked":"Dodge and Roll","floor":27},{"not_picked":["Dagger Spray+1","Distraction","Quick Slash+1"],"picked":"Singing Bowl","floor":29},{"not_picked":["Heel Hook+1","Bane+1"],"picked":"Catalyst","floor":30},{"not_picked":["Doppelganger","A Thousand Cuts"],"picked":"Glass Knife+1","floor":33},{"not_picked":["Dagger Spray+1","Masterful Stab+1","Sucker Punch+1"],"picked":"Singing Bowl","floor":35},{"not_picked":["Predator+1","Concentrate+1","Dagger Spray+1"],"picked":"Singing Bowl","floor":36},{"not_picked":["Dodge and Roll","Bane+1","Sucker Punch+1"],"picked":"Singing Bowl","floor":37},{"not_picked":["Jack Of All Trades","Madness","Trip"],"picked":"Singing Bowl","floor":38},{"not_picked":["Transmutation","Thinking Ahead","Madness"],"picked":"Singing Bowl","floor":38},{"not_picked":["Forethought","Madness"],"picked":"Flash of Steel+1","floor":38},{"not_picked":["Heel Hook+1","Dagger Spray+1","Blade Dance"],"picked":"Singing Bowl","floor":39}],"player_experience":5996187,"relics_obtained":[{"floor":8,"key":"Girya"},{"floor":10,"key":"Molten Egg 2"},{"floor":14,"key":"Potion Belt"},{"floor":25,"key":"Singing Bowl"},{"floor":26,"key":"Ninja Scroll"},{"floor":27,"key":"Omamori"},{"floor":37,"key":"Turnip"}],"event_choices":[{"damage_healed":0,"gold_gain":0,"player_choice":"Entered Light","damage_taken":20,"max_hp_gain":0,"max_hp_loss":0,"event_name":"Shining Light","floor":3,"gold_loss":0,"cards_upgraded":["Defend_G","Defend_G"]},{"damage_healed":0,"gold_gain":0,"player_choice":"Left Gold","damage_taken":0,"max_hp_gain":0,"max_hp_loss":0,"event_name":"World of Goop","floor":4,"gold_loss":3},{"damage_healed":0,"gold_gain":0,"player_choice":"Read","damage_taken":0,"max_hp_gain":0,"max_hp_loss":0,"event_name":"The Library","floor":21,"gold_loss":0,"cards_obtained":["Footwork"]},{"damage_healed":0,"gold_gain":0,"player_choice":"Joined the Cult","damage_taken":6,"max_hp_gain":0,"max_hp_loss":0,"event_name":"Nest","floor":24,"gold_loss":0,"cards_obtained":["RitualDagger"]},{"damage_healed":0,"gold_gain":0,"player_choice":"Stole Relic","damage_taken":0,"relics_obtained":["Boot"],"max_hp_gain":0,"max_hp_loss":0,"event_name":"Addict","floor":28,"gold_loss":0,"cards_obtained":["Shame"]},{"damage_healed":0,"gold_gain":0,"player_choice":"Fight","damage_taken":0,"max_hp_gain":0,"max_hp_loss":0,"event_name":"MindBloom","floor":37,"gold_loss":0},{"damage_healed":0,"gold_gain":0,"player_choice":"Memory 3","damage_taken":10,"max_hp_gain":0,"max_hp_loss":0,"event_name":"SensoryStone","floor":38,"gold_loss":0}],"is_beta":true,"boss_relics":[{"not_picked":["Tiny House","Lizard Tail"],"picked":"Fusion Hammer"},{"not_picked":["Calling Bell","WristBlade"],"picked":"Empty Cage"}],"items_purged_floors":[13,20],"is_endless":false,"potions_floor_spawned":[1,7,12,16,19,25,33,35,36],"killed_by":"Reptomancer","ascension_level":20}