{"gold_per_floor":[112,112,128,145,164,164,194,225,262,293,7,7,35,49,49,126,126,97,22,39,39,52,52,80,80,80,80,3,35,55,84,84,157,157,172,190,208,37,55,81,81,107,131,161,181,201,201,201,201,201,201,201,201,48,83,83],"floor_reached":57,"playtime":4105,"items_purged":["Pain","Strike_R"],"score":2803,"play_id":"7d1eba4e-9c12-470d-a4ff-9c984ace29a0","local_time":"20190501204146","is_ascension_mode":true,"campfire_choices":[{"data":"Hemokinesis","floor":6,"key":"SMITH"},{"data":"Whirlwind","floor":15,"key":"SMITH"},{"floor":23,"key":"REST"},{"floor":25,"key":"REST"},{"floor":27,"key":"REST"},{"floor":32,"key":"REST"},{"floor":41,"key":"REST"},{"floor":47,"key":"RECALL"},{"floor":49,"key":"REST"},{"floor":53,"key":"REST"}],"neow_cost":"NONE","seed_source_timestamp":123252369914288,"circlet_count":0,"master_deck":["AscendersBane","Strike_R","Strike_R","Strike_R","Defend_R","Defend_R","Defend_R","Defend_R","Bash+1","Uppercut","Hemokinesis+1","Shrug It Off","Shrug It Off","Shockwave","Whirlwind+1","Corruption","True Grit","Demon Form","Anger","Juggernaut","Shrug It Off","Limit Break","Burning Pact","Impervious","Heavy Blade+1","Combust+1","Disarm","Dark Embrace","Intimidate+1","Entrench+1","Shrug It Off","Shrug It Off"],"relics":["Burning Blood","WarpedTongs","MawBank","Lantern","ClockworkSouvenir","Red Skull","Fusion Hammer","Pen Nib","Mango","Matryoshka","Velvet Choker","PreservedInsect","Anchor","Pocketwatch","Bronze Scales","Dream Catcher","Darkstone Periapt","Bottled Tornado"],"potions_floor_usage":[4,5,13,16,24,24,29,33,40,42,42,42,55,56],"damage_taken":[{"damage":16,"enemies":"Jaw Worm","floor":1,"turns":6},{"damage":2,"enemies":"Cultist","floor":3,"turns":3},{"damage":12,"enemies":"Small Slimes","floor":4,"turns":4},{"damage":25,"enemies":"Exordium Wildlife","floor":5,"turns":7},{"damage":25,"enemies":"Lagavulin","floor":7,"turns":6},{"damage":8,"enemies":"Looter","floor":8,"turns":2},{"damage":21,"enemies":"Exordium Thugs","floor":10,"turns":4},{"damage":13,"enemies":"Gremlin Nob","floor":13,"turns":4},{"damage":0,"enemies":"Blue Slaver","floor":14,"turns":2},{"damage":18,"enemies":"Hexaghost","floor":16,"turns":7},{"damage":10,"enemies":"2 Thieves","floor":18,"turns":4},{"damage":9,"enemies":"Spheric Guardian","floor":20,"turns":4},{"damage":0,"enemies":"Centurion and Healer","floor":22,"turns":5},{"damage":37,"enemies":"Slavers","floor":24,"turns":4},{"damage":47,"enemies":"Book of Stabbing","floor":29,"turns":6},{"damage":22,"enemies":"Shelled Parasite and Fungi","floor":30,"turns":4},{"damage":7,"enemies":"Slavers","floor":31,"turns":2},{"damage":48,"enemies":"Champ","floor":33,"turns":13},{"damage":1,"enemies":"Orb Walker","floor":35,"turns":3},{"damage":9,"enemies":"3 Shapes","floor":36,"turns":8},{"damage":0,"enemies":"Jaw Worm Horde","floor":37,"turns":2},{"damage":14,"enemies":"Transient","floor":39,"turns":6},{"damage":45,"enemies":"Nemesis","floor":40,"turns":7},{"damage":65,"enemies":"Reptomancer","floor":42,"turns":5},{"damage":7,"enemies":"Giant Head","floor":44,"turns":6},{"damage":0,"enemies":"3 Darklings","floor":45,"turns":1},{"damage":5,"enemies":"Writhing Mass","floor":46,"turns":4},{"damage":30,"enemies":"Awakened One","floor":50,"turns":18},{"damage":20,"enemies":"Donu and Deca","floor":51,"turns":6},{"damage":32,"enemies":"Shield and Spear","floor":55,"turns":3},{"damage":32,"enemies":"The Heart","floor":56,"turns":8}],"seed_played":"2589746876281705288","potions_obtained":[{"floor":1,"key":"Regen Potion"},{"floor":4,"key":"Regen Potion"},{"floor":8,"key":"Swift Potion"},{"floor":13,"key":"LiquidBronze"},{"floor":16,"key":"EntropicBrew"},{"floor":29,"key":"Poison Potion"},{"floor":31,"key":"Block Potion"},{"floor":33,"key":"EntropicBrew"},{"floor":42,"key":"SteroidPotion"},{"floor":45,"key":"Swift Potion"}],"is_trial":false,"path_per_floor":["M","?","M","M","M","R","E","M","T","M","$","?","E","M","R","B",null,"M","?","M","?","M","R","E","R","T","R","$","E","M","E","R","B",null,"M","M","M","$","M","E","R","E","T","E","M","M","R","?","R","B","B",null,"R","$","E","B",null],"character_chosen":"IRONCLAD","items_purchased":["ClockworkSouvenir","Shrug It Off","SkillPotion","PreservedInsect","PowerPotion"],"campfire_rested":7,"item_purchase_floors":[11,28,28,38,54],"current_hp_per_floor":[58,58,62,68,64,64,45,43,43,28,28,28,21,27,27,15,60,56,56,53,32,38,62,31,55,55,79,79,52,36,35,63,21,76,81,78,84,84,76,37,65,15,15,14,20,21,21,21,49,25,11,73,94,94,68,42],"gold":83,"neow_bonus":"UPGRADE_CARD","is_prod":false,"is_daily":false,"chose_seed":false,"campfire_upgraded":2,"win_rate":0,"timestamp":1556768506,"path_taken":["M","?","M","M","?","R","E","M","T","?","$","?","E","M","R","BOSS","M","?","M","?","M","R","E","R","T","R","$","E","M","E","R","BOSS","M","M","M","$","M","E","R","E","T","E","M","M","R","?","R","BOSS","BOSS","R","$","E","BOSS"],"build_version":"2019-04-23","purchased_purges":2,"victory":true,"max_hp_per_floor":[75,75,75,75,75,75,75,75,75,75,75,75,75,75,75,75,75,75,75,75,80,80,80,80,80,80,80,80,94,94,94,94,94,94,94,94,94,94,94,94,94,94,94,94,94,94,94,94,94,94,94,94,94,94,94,94],"card_choices":[{"not_picked":["Feel No Pain","Pommel Strike"],"picked":"Uppercut","floor":1},{"not_picked":["Heavy Blade","Clothesline","Pommel Strike"],"picked":"SKIP","floor":3},{"not_picked":["Burning Pact","Clothesline"],"picked":"Hemokinesis","floor":4},{"not_picked":["Clothesline","Clash"],"picked":"Shrug It Off","floor":5},{"not_picked":["Headbutt","Heavy Blade"],"picked":"Shrug It Off","floor":7},{"not_picked":["Fire Breathing","Twin Strike"],"picked":"Shockwave","floor":8},{"not_picked":["Ghostly Armor","Pommel Strike"],"picked":"Whirlwind","floor":10},{"not_picked":["Burning Pact","Twin Strike"],"picked":"Corruption","floor":13},{"not_picked":["Iron Wave","Dual Wield"],"picked":"True Grit","floor":14},{"not_picked":["Double Tap","Bludgeon"],"picked":"Demon Form","floor":16},{"not_picked":["Perfected Strike","Havoc"],"picked":"Anger","floor":18},{"not_picked":["Body Slam","Wild Strike"],"picked":"Juggernaut","floor":20},{"not_picked":["Sentinel","Headbutt","Searing Blow"],"picked":"SKIP","floor":22},{"not_picked":["Fire Breathing","Cleave","Pummel"],"picked":"SKIP","floor":24},{"not_picked":["Clothesline","Pommel Strike"],"picked":"Limit Break","floor":29},{"not_picked":["Cleave+1","Iron Wave","Armaments"],"picked":"SKIP","floor":30},{"not_picked":["Wild Strike","Carnage"],"picked":"Burning Pact","floor":31},{"not_picked":["Exhume","Immolate"],"picked":"Impervious","floor":33},{"not_picked":["Blood for Blood","Body Slam"],"picked":"Heavy Blade+1","floor":35},{"not_picked":["Ghostly Armor","Sever Soul"],"picked":"Combust+1","floor":36},{"not_picked":["Iron Wave","Twin Strike","Body Slam"],"picked":"SKIP","floor":37},{"not_picked":["Iron Wave+1","Body Slam"],"picked":"Disarm","floor":39},{"not_picked":["Sever Soul","Shrug It Off"],"picked":"Dark Embrace","floor":40},{"not_picked":["Warcry","Sword Boomerang"],"picked":"Intimidate+1","floor":42},{"not_picked":["Iron Wave","Fiend Fire"],"picked":"Entrench+1","floor":44},{"not_picked":["Iron Wave","Clothesline","Combust"],"picked":"SKIP","floor":45},{"not_picked":["True Grit","Heavy Blade"],"picked":"Shrug It Off","floor":46},{"not_picked":["Cleave","Barricade"],"picked":"Shrug It Off","floor":55}],"player_experience":6039380,"relics_obtained":[{"floor":7,"key":"MawBank"},{"floor":9,"key":"Lantern"},{"floor":13,"key":"Red Skull"},{"floor":24,"key":"Pen Nib"},{"floor":29,"key":"Mango"},{"floor":31,"key":"Matryoshka"},{"floor":40,"key":"Anchor"},{"floor":42,"key":"Pocketwatch"},{"floor":43,"key":"Bronze Scales"},{"floor":43,"key":"Dream Catcher"},{"floor":44,"key":"Darkstone Periapt"},{"floor":55,"key":"Bottled Tornado"}],"event_choices":[{"damage_healed":0,"gold_gain":0,"player_choice":"Rummage","damage_taken":0,"relics_obtained":["WarpedTongs"],"max_hp_gain":0,"max_hp_loss":0,"event_name":"Accursed Blacksmith","floor":2,"gold_loss":0,"cards_obtained":["Pain"]},{"damage_healed":0,"gold_gain":0,"player_choice":"Fled","damage_taken":0,"max_hp_gain":0,"max_hp_loss":0,"event_name":"Scrap Ooze","floor":12,"gold_loss":0},{"cards_removed":["Strike_R"],"damage_healed":0,"gold_gain":0,"player_choice":"Gave Gold","damage_taken":0,"max_hp_gain":0,"max_hp_loss":0,"event_name":"Beggar","floor":19,"gold_loss":75},{"damage_healed":0,"gold_gain":0,"player_choice":"Shed Blood","damage_taken":26,"max_hp_gain":5,"max_hp_loss":0,"event_name":"Forgotten Altar","floor":21,"gold_loss":0},{"damage_healed":0,"gold_gain":0,"player_choice":"Ignored","damage_taken":0,"max_hp_gain":0,"max_hp_loss":0,"event_name":"SecretPortal","floor":48,"gold_loss":0}],"is_beta":true,"boss_relics":[{"not_picked":["Empty Cage","Pandora\u0027s Box"],"picked":"Fusion Hammer"},{"not_picked":["Astrolabe","Tiny House"],"picked":"Velvet Choker"}],"items_purged_floors":[11,54],"is_endless":false,"potions_floor_spawned":[1,4,8,13,16,29,31,33,35,37,42,45],"ascension_level":20}