{"gold_per_floor":[119,119,131,131,206,238,251,269,269,269,11,29,29,43,43,117,117,131,231,231,247,11,11,45,75,128,157,192,462,482,495,495,572,572,583,226,237,251,266,301,301,332,357,357,389,408,437,455,455,455,455,455,455,1,27,27],"floor_reached":57,"playtime":4572,"items_purged":["Strike_G","Strike_G","Strike_G"],"score":3404,"play_id":"3cab2927-4b3e-477b-a94b-dc314d5ce68a","local_time":"20190424170354","is_ascension_mode":true,"campfire_choices":[{"data":"Deadly Poison","floor":10,"key":"SMITH"},{"data":"Deadly Poison","floor":13,"key":"SMITH"},{"data":"Neutralize","floor":15,"key":"SMITH"},{"floor":23,"key":"REST"},{"data":"1","floor":32,"key":"LIFT"},{"data":"2","floor":41,"key":"LIFT"},{"data":"3","floor":44,"key":"LIFT"},{"floor":49,"key":"RECALL"},{"floor":53,"key":"REST"}],"neow_cost":"NONE","seed_source_timestamp":186484690721038,"circlet_count":0,"master_deck":["AscendersBane","Defend_G","Defend_G","Defend_G","Defend_G","Defend_G","Strike_G","Survivor","Neutralize+1","Deadly Poison+1","Deadly Poison+1","Leg Sweep","Dodge and Roll","Dagger Throw","Infinite Blades","Burst","Adrenaline","Backflip","Backflip","Crippling Poison","Well Laid Plans","Panache","Calculated Gamble","Footwork","Catalyst","Adrenaline","Cloak And Dagger+1","Backflip","Night Terror","Acrobatics","Escape Plan","Dodge and Roll+1","Prepared+1","Catalyst"],"relics":["Ring of the Snake","NeowsBlessing","Potion Belt","Snake Skull","Membership Card","Fusion Hammer","WingedGreaves","Meat on the Bone","Paper Crane","Girya","Lantern","Dodecahedron","Nunchaku","Busted Crown","Mummified Hand","Happy Flower","Kunai","Singing Bowl","StoneCalendar","The Courier","Pantograph","Ornamental Fan","Pear","Letter Opener","Art of War"],"potions_floor_usage":[16,28,56,56,56,56],"damage_taken":[{"damage":0,"enemies":"Jaw Worm","floor":1,"turns":1},{"damage":0,"enemies":"Cultist","floor":3,"turns":1},{"damage":0,"enemies":"Lagavulin","floor":6,"turns":1},{"damage":0,"enemies":"2 Louse","floor":7,"turns":3},{"damage":9,"enemies":"2 Fungi Beasts","floor":8,"turns":6},{"damage":0,"enemies":"Blue Slaver","floor":12,"turns":4},{"damage":0,"enemies":"3 Louse","floor":14,"turns":4},{"damage":22,"enemies":"Slime Boss","floor":16,"turns":9},{"damage":0,"enemies":"Shell Parasite","floor":18,"turns":6},{"damage":9,"enemies":"Colosseum Slavers","floor":19,"turns":5},{"damage":1,"enemies":"Colosseum Nobs","floor":19,"turns":6},{"damage":5,"enemies":"2 Thieves","floor":21,"turns":4},{"damage":6,"enemies":"Book of Stabbing","floor":24,"turns":5},{"damage":6,"enemies":"Slavers","floor":25,"turns":5},{"damage":2,"enemies":"Book of Stabbing","floor":27,"turns":7},{"damage":0,"enemies":"Gremlin Leader","floor":28,"turns":2},{"damage":0,"enemies":"Snecko","floor":30,"turns":4},{"damage":0,"enemies":"3 Cultists","floor":31,"turns":4},{"damage":15,"enemies":"Collector","floor":33,"turns":6},{"damage":4,"enemies":"3 Darklings","floor":35,"turns":2},{"damage":0,"enemies":"3 Shapes","floor":37,"turns":2},{"damage":7,"enemies":"Jaw Worm Horde","floor":38,"turns":4},{"damage":0,"enemies":"3 Darklings","floor":39,"turns":3},{"damage":0,"enemies":"Reptomancer","floor":40,"turns":4},{"damage":0,"enemies":"Giant Head","floor":42,"turns":4},{"damage":0,"enemies":"Nemesis","floor":45,"turns":5},{"damage":0,"enemies":"4 Shapes","floor":46,"turns":3},{"damage":1,"enemies":"Reptomancer","floor":47,"turns":5},{"damage":0,"enemies":"Transient","floor":48,"turns":6},{"damage":11,"enemies":"Donu and Deca","floor":50,"turns":8},{"damage":0,"enemies":"Awakened One","floor":51,"turns":16},{"damage":0,"enemies":"Shield and Spear","floor":55,"turns":3},{"damage":37,"enemies":"The Heart","floor":56,"turns":6}],"seed_played":"976226051174985154","potions_obtained":[{"floor":6,"key":"AttackPotion"},{"floor":7,"key":"SteroidPotion"},{"floor":14,"key":"AttackPotion"},{"floor":18,"key":"FearPotion"},{"floor":21,"key":"Ancient Potion"},{"floor":24,"key":"Block Potion"},{"floor":27,"key":"GamblersBrew"},{"floor":38,"key":"SkillPotion"},{"floor":45,"key":"Dexterity Potion"}],"is_trial":false,"path_per_floor":["M","?","M","?","?","E","M","M","T","R","$","M","R","M","R","B",null,"M","?","?","M","$","R","E","E","T","E","E","?","M","M","R","B",null,"M","$","M","M","M","E","R","E","T","R","E","M","E","M","R","B","B",null,"R","$","E","B",null],"character_chosen":"THE_SILENT","items_purchased":["Membership Card","Well Laid Plans","Panache","Calculated Gamble","Mummified Hand","Happy Flower","Escape Plan","SpeedPotion","Pantograph","Ornamental Fan","Catalyst","Pear","Letter Opener"],"campfire_rested":2,"item_purchase_floors":[11,22,22,22,36,36,36,36,54,54,54,54,54],"current_hp_per_floor":[59,59,59,64,53,53,53,44,44,44,44,44,44,44,44,22,59,59,49,49,44,44,65,59,53,53,51,51,23,35,47,47,44,64,60,60,60,53,53,53,53,55,55,55,57,57,58,60,60,49,49,72,79,89,91,54],"gold":27,"neow_bonus":"THREE_ENEMY_KILL","is_prod":false,"is_daily":false,"chose_seed":false,"campfire_upgraded":3,"win_rate":0,"timestamp":1556150634,"path_taken":["M","?","?","?","?","E","M","M","T","R","$","M","R","M","R","BOSS","M","?","?","M","$","R","E","E","T","E","E","?","M","M","R","BOSS","M","$","M","M","M","E","R","E","T","R","E","M","E","M","R","BOSS","BOSS","R","$","E","BOSS"],"build_version":"2019-04-23","purchased_purges":3,"victory":true,"max_hp_per_floor":[66,66,66,71,71,71,71,71,71,71,71,71,71,71,71,71,71,71,71,71,71,71,71,71,71,71,71,71,71,71,71,71,71,71,71,71,71,71,71,71,71,73,73,73,75,75,77,79,79,79,79,79,79,89,91,91],"card_choices":[{"not_picked":["Prepared","Slice"],"picked":"Deadly Poison","floor":1},{"not_picked":["Prepared","Sucker Punch"],"picked":"Deadly Poison","floor":3},{"not_picked":["Doppelganger","Underhanded Strike"],"picked":"Leg Sweep","floor":6},{"not_picked":["Terror","Sucker Punch"],"picked":"Dodge and Roll","floor":7},{"not_picked":["Dodge and Roll","Heel Hook"],"picked":"Dagger Throw","floor":8},{"not_picked":["Finisher","Deflect"],"picked":"Infinite Blades","floor":12},{"not_picked":["Slice","Masterful Stab"],"picked":"Burst","floor":14},{"not_picked":["Glass Knife","Phantasmal Killer"],"picked":"Adrenaline","floor":16},{"not_picked":["Setup","Slice"],"picked":"Backflip","floor":18},{"not_picked":["Prepared+1","Deflect"],"picked":"Backflip","floor":19},{"not_picked":["Concentrate","Acrobatics"],"picked":"Crippling Poison","floor":21},{"not_picked":["Dagger Throw","Underhanded Strike"],"picked":"Footwork","floor":24},{"not_picked":["Expertise","Dagger Throw+1","All Out Attack"],"picked":"SKIP","floor":25},{"not_picked":["Dagger Spray","Sucker Punch+1"],"picked":"Catalyst","floor":27},{"not_picked":["Predator","Distraction"],"picked":"Adrenaline","floor":28},{"not_picked":["Poisoned Stab","Predator"],"picked":"Cloak And Dagger+1","floor":30},{"not_picked":["Cloak And Dagger","Bane+1"],"picked":"Backflip","floor":31},{"not_picked":["Glass Knife","Burst"],"picked":"Night Terror","floor":33},{"not_picked":[],"picked":"Acrobatics","floor":35},{"not_picked":["Outmaneuver+1"],"picked":"SKIP","floor":37},{"not_picked":[],"picked":"Dodge and Roll+1","floor":38},{"not_picked":["Prepared"],"picked":"SKIP","floor":39},{"not_picked":["Underhanded Strike"],"picked":"SKIP","floor":40},{"not_picked":["Dagger Throw+1"],"picked":"Singing Bowl","floor":42},{"not_picked":["Deflect"],"picked":"Singing Bowl","floor":45},{"not_picked":[],"picked":"Prepared+1","floor":46},{"not_picked":["Riddle With Holes"],"picked":"Singing Bowl","floor":47},{"not_picked":["Outmaneuver"],"picked":"Singing Bowl","floor":48},{"not_picked":["Quick Slash+1"],"picked":"Singing Bowl","floor":55}],"player_experience":5822430,"relics_obtained":[{"floor":6,"key":"Potion Belt"},{"floor":9,"key":"Snake Skull"},{"floor":19,"key":"WingedGreaves"},{"floor":19,"key":"Meat on the Bone"},{"floor":24,"key":"Paper Crane"},{"floor":25,"key":"Girya"},{"floor":26,"key":"Lantern"},{"floor":27,"key":"Dodecahedron"},{"floor":28,"key":"Nunchaku"},{"floor":40,"key":"Kunai"},{"floor":42,"key":"Singing Bowl"},{"floor":45,"key":"StoneCalendar"},{"floor":47,"key":"The Courier"},{"floor":55,"key":"Art of War"}],"event_choices":[{"cards_removed":["Strike_G"],"damage_healed":0,"gold_gain":0,"player_choice":"Offered Basic","damage_taken":0,"max_hp_gain":0,"max_hp_loss":0,"event_name":"Bonfire Elementals","floor":2,"gold_loss":0},{"damage_healed":0,"gold_gain":0,"player_choice":"Donut","damage_taken":0,"max_hp_gain":5,"max_hp_loss":0,"event_name":"Big Fish","floor":4,"gold_loss":0},{"damage_healed":0,"gold_gain":75,"player_choice":"Gather Gold","damage_taken":11,"max_hp_gain":0,"max_hp_loss":0,"event_name":"World of Goop","floor":5,"gold_loss":0},{"damage_healed":0,"gold_gain":0,"player_choice":"Fight","damage_taken":0,"max_hp_gain":0,"max_hp_loss":0,"event_name":"Colosseum","floor":19,"gold_loss":0},{"damage_healed":0,"gold_gain":0,"player_choice":"Fought Nobs","damage_taken":0,"max_hp_gain":0,"max_hp_loss":0,"event_name":"Colosseum","floor":19,"gold_loss":0},{"damage_healed":0,"gold_gain":0,"player_choice":"Ignored","damage_taken":0,"max_hp_gain":0,"max_hp_loss":0,"event_name":"Vampires","floor":20,"gold_loss":0},{"damage_healed":0,"gold_gain":270,"player_choice":"GOLD GOLD GOLD ","damage_taken":28,"max_hp_gain":0,"max_hp_loss":0,"event_name":"Knowing Skull","floor":29,"potions_obtained":[],"gold_loss":0,"cards_obtained":[]}],"is_beta":true,"boss_relics":[{"not_picked":["Empty Cage","Pandora\u0027s Box"],"picked":"Fusion Hammer"},{"not_picked":["Sozu","Calling Bell"],"picked":"Busted Crown"}],"items_purged_floors":[11,22,36],"is_endless":false,"potions_floor_spawned":[6,7,14,18,21,24,27,38,40,42,45,47,48],"ascension_level":20}