{"gold_per_floor":[359,376,13,13,26,53,53,63,63,98,110,137,153,184,184,255,255,268,268,193,218,236,236,251,278,278,303,319,50,50,50,50,128,128,145,90,90,90,15,15,42,53,105,105,130,145,172,187,187,187,187,187,187,22,57,57],"floor_reached":57,"playtime":4137,"items_purged":["Strike_R","Strike_R"],"score":2941,"play_id":"2cc3fdfa-638c-45cd-b122-a65ac447c6eb","local_time":"20190427195241","is_ascension_mode":true,"campfire_choices":[{"data":"Apotheosis","floor":7,"key":"SMITH"},{"data":"Inflame","floor":15,"key":"SMITH"},{"data":"Fiend Fire","floor":23,"key":"SMITH"},{"data":"Burning Pact","floor":30,"key":"SMITH"},{"floor":32,"key":"REST"},{"data":"Clothesline","floor":40,"key":"SMITH"},{"floor":44,"key":"RECALL"},{"data":"Feel No Pain","floor":49,"key":"SMITH"},{"data":"Heavy Blade","floor":53,"key":"SMITH"}],"neow_cost":"TEN_PERCENT_HP_LOSS","seed_source_timestamp":21072114440555,"circlet_count":0,"master_deck":["AscendersBane","Defend_R","Defend_R","Defend_R","Defend_R","Bash+1","Feel No Pain","Twin Strike","Apotheosis+1","Burning Pact+1","Inflame+1","Fiend Fire+1","Pummel","Disarm+1","Burning Pact+1","Heavy Blade+1","Feed","Uppercut+1","Disarm+1","Feel No Pain+1","True Grit+1","Reaper","Feel No Pain+1","Clothesline+1","Rupture","Shockwave+1","Shockwave+1","Heavy Blade","Dual Wield+1","Second Wind+1","Combust+1"],"relics":["Burning Blood","Vajra","Whetstone","Toxic Egg 2","Magic Flower","Gremlin Horn","Boot","Snecko Eye","Potion Belt","Nunchaku","Lantern","Red Skull","Black Star","Blood Vial","Bag of Marbles","Strawberry","Regal Pillow","Oddly Smooth Stone","Self Forming Clay","Pen Nib","Dodecahedron","Bottled Tornado"],"potions_floor_usage":[25,27,41,47,48,56,56],"damage_taken":[{"damage":15,"enemies":"Small Slimes","floor":1,"turns":5},{"damage":1,"enemies":"Cultist","floor":2,"turns":3},{"damage":0,"enemies":"2 Louse","floor":5,"turns":3},{"damage":16,"enemies":"3 Sentries","floor":6,"turns":11},{"damage":11,"enemies":"Exordium Thugs","floor":8,"turns":4},{"damage":0,"enemies":"Lagavulin","floor":10,"turns":7},{"damage":1,"enemies":"3 Louse","floor":11,"turns":4},{"damage":16,"enemies":"3 Sentries","floor":12,"turns":10},{"damage":10,"enemies":"Red Slaver","floor":13,"turns":5},{"damage":17,"enemies":"Lagavulin","floor":14,"turns":7},{"damage":27,"enemies":"Hexaghost","floor":16,"turns":8},{"damage":13,"enemies":"2 Thieves","floor":18,"turns":3},{"damage":0,"enemies":"Chosen","floor":22,"turns":5},{"damage":31,"enemies":"Centurion and Healer","floor":24,"turns":7},{"damage":0,"enemies":"Gremlin Leader","floor":25,"turns":5},{"damage":49,"enemies":"Slavers","floor":27,"turns":5},{"damage":0,"enemies":"Sentry and Sphere","floor":28,"turns":3},{"damage":52,"enemies":"Champ","floor":33,"turns":12},{"damage":21,"enemies":"3 Shapes","floor":35,"turns":3},{"damage":29,"enemies":"Reptomancer","floor":41,"turns":7},{"damage":5,"enemies":"3 Darklings","floor":42,"turns":5},{"damage":72,"enemies":"Giant Head","floor":45,"turns":8},{"damage":0,"enemies":"Jaw Worm Horde","floor":46,"turns":3},{"damage":17,"enemies":"Reptomancer","floor":47,"turns":8},{"damage":2,"enemies":"Sphere and 2 Shapes","floor":48,"turns":4},{"damage":71,"enemies":"Donu and Deca","floor":50,"turns":13},{"damage":31,"enemies":"Time Eater","floor":51,"turns":13},{"damage":44,"enemies":"Shield and Spear","floor":55,"turns":11},{"damage":36,"enemies":"The Heart","floor":56,"turns":8}],"seed_played":"-4440373434178004496","potions_obtained":[{"floor":1,"key":"AttackPotion"},{"floor":2,"key":"AttackPotion"},{"floor":24,"key":"Fire Potion"},{"floor":25,"key":"Fire Potion"},{"floor":41,"key":"GamblersBrew"},{"floor":46,"key":"Explosive Potion"}],"is_trial":false,"path_per_floor":["M","M","$","?","M","E","R","M","T","E","M","E","M","E","R","B",null,"M","?","$","T","M","R","M","E","T","E","M","$","R","?","R","B",null,"M","$","?","$","?","R","E","M","T","R","E","M","E","M","R","B","B",null,"R","$","E","B",null],"character_chosen":"IRONCLAD","items_purchased":["Apotheosis","Vajra","Red Skull","PowerPotion","Strength Potion","Dual Wield+1","Second Wind+1"],"campfire_rested":1,"item_purchase_floors":[3,3,29,36,54,54,54],"current_hp_per_floor":[59,64,64,64,68,58,58,53,53,59,67,60,59,51,51,33,59,61,61,61,61,76,76,60,75,75,40,49,49,49,49,75,38,78,91,91,90,90,90,90,76,98,105,105,61,109,113,117,117,76,111,116,116,116,82,109],"gold":57,"neow_bonus":"TWO_FIFTY_GOLD","is_prod":false,"is_daily":false,"chose_seed":false,"campfire_upgraded":7,"win_rate":0,"timestamp":1556419961,"path_taken":["M","M","$","?","M","E","R","M","T","E","M","E","?","E","R","BOSS","M","?","$","?","M","R","M","E","T","E","M","$","R","?","R","BOSS","M","?","?","$","?","R","E","M","T","R","E","M","E","M","R","BOSS","BOSS","R","$","E","BOSS"],"build_version":"2019-04-23","purchased_purges":2,"victory":true,"max_hp_per_floor":[68,68,68,68,68,68,68,68,68,68,68,68,68,68,68,68,68,72,72,72,72,76,76,80,84,84,87,87,87,87,87,87,91,91,95,95,90,90,90,90,94,98,105,105,105,109,113,117,117,117,117,117,117,117,117,121],"card_choices":[{"not_picked":["Rupture","Power Through"],"picked":"Feel No Pain","floor":1},{"not_picked":["Warcry","Power Through"],"picked":"Twin Strike","floor":2},{"not_picked":["Iron Wave","Warcry"],"picked":"Burning Pact","floor":5},{"not_picked":["Shockwave","Pummel"],"picked":"Inflame","floor":6},{"not_picked":["Corruption","Flex"],"picked":"Fiend Fire","floor":8},{"not_picked":["Wild Strike","Pommel Strike"],"picked":"Pummel","floor":10},{"not_picked":["True Grit+1","Wild Strike"],"picked":"Disarm+1","floor":11},{"not_picked":["Rage+1","Heavy Blade"],"picked":"Burning Pact+1","floor":12},{"not_picked":["Wild Strike","Body Slam"],"picked":"Heavy Blade","floor":13},{"not_picked":["Clash","Hemokinesis"],"picked":"Feed","floor":14},{"not_picked":["Carnage","Rage+1"],"picked":"Uppercut+1","floor":18},{"not_picked":["Anger","Flex+1","Armaments+1"],"picked":"SKIP","floor":22},{"not_picked":["Searing Blow","Flex+1","Warcry+1"],"picked":"SKIP","floor":24},{"not_picked":["True Grit+1","Twin Strike"],"picked":"Feel No Pain","floor":25},{"not_picked":["Entrench+1","Combust"],"picked":"True Grit+1","floor":27},{"not_picked":["Rupture","Headbutt","Clash"],"picked":"SKIP","floor":28},{"not_picked":["Exhume+1","Dark Embrace"],"picked":"Reaper","floor":33},{"not_picked":["Combust+1","Second Wind+1"],"picked":"Feel No Pain+1","floor":35},{"not_picked":["Pummel","Twin Strike"],"picked":"Shockwave+1","floor":41},{"not_picked":["Pummel","Rage+1","Thunderclap"],"picked":"SKIP","floor":42},{"not_picked":["Clash","Iron Wave","Clothesline"],"picked":"SKIP","floor":45},{"not_picked":["Pommel Strike","Clothesline+1","Hemokinesis+1"],"picked":"SKIP","floor":46},{"not_picked":["Dropkick+1","Reckless Charge"],"picked":"Shockwave+1","floor":47},{"not_picked":["Perfected Strike","Pummel+1"],"picked":"Heavy Blade","floor":48},{"not_picked":["Clothesline","True Grit+1"],"picked":"Combust+1","floor":55}],"player_experience":5911788,"relics_obtained":[{"floor":6,"key":"Whetstone"},{"floor":9,"key":"Toxic Egg 2"},{"floor":10,"key":"Magic Flower"},{"floor":12,"key":"Gremlin Horn"},{"floor":14,"key":"Boot"},{"floor":21,"key":"Potion Belt"},{"floor":25,"key":"Nunchaku"},{"floor":27,"key":"Lantern"},{"floor":41,"key":"Blood Vial"},{"floor":41,"key":"Bag of Marbles"},{"floor":43,"key":"Strawberry"},{"floor":45,"key":"Regal Pillow"},{"floor":45,"key":"Oddly Smooth Stone"},{"floor":47,"key":"Self Forming Clay"},{"floor":47,"key":"Pen Nib"},{"floor":55,"key":"Dodecahedron"},{"floor":55,"key":"Bottled Tornado"}],"event_choices":[{"cards_removed":["Strike_R"],"damage_healed":0,"gold_gain":0,"player_choice":"Purged","damage_taken":0,"max_hp_gain":0,"max_hp_loss":0,"event_name":"Purifier","floor":4,"gold_loss":0},{"damage_healed":0,"gold_gain":0,"player_choice":"Copied","damage_taken":0,"max_hp_gain":0,"max_hp_loss":0,"event_name":"Duplicator","floor":19,"gold_loss":0,"cards_obtained":["Disarm"]},{"damage_healed":0,"gold_gain":0,"player_choice":"0 cards matched","damage_taken":0,"max_hp_gain":0,"max_hp_loss":0,"event_name":"Match and Keep!","floor":31,"gold_loss":0,"cards_obtained":[]},{"damage_healed":0,"gold_gain":0,"player_choice":"Max HP","damage_taken":0,"max_hp_gain":0,"max_hp_loss":5,"event_name":"Winding Halls","floor":37,"gold_loss":0},{"damage_healed":0,"gold_gain":0,"cards_transformed":["Strike_R","Strike_R"],"player_choice":"Transformed Cards","damage_taken":0,"max_hp_gain":0,"max_hp_loss":0,"event_name":"Designer","floor":39,"gold_loss":75,"cards_obtained":["Clothesline","Rupture"]}],"is_beta":true,"boss_relics":[{"not_picked":["Coffee Dripper","Cursed Key"],"picked":"Snecko Eye"},{"not_picked":["Runic Pyramid","Pandora\u0027s Box"],"picked":"Black Star"}],"items_purged_floors":[20,29],"is_endless":false,"potions_floor_spawned":[1,2,6,10,12,18,24,25,41,46],"ascension_level":20}