{"gold_per_floor":[113,188,45,55,55,86,86,98,147,147,176,176,232,24,24,101,101,120,120,134,134,154,154,184,184,207,234,234,0,13,29,29,29],"floor_reached":33,"playtime":1673,"items_purged":["Strike_B"],"score":582,"play_id":"e3000cf7-1e3d-47c2-a356-89ae5569da2d","local_time":"20190503011312","is_ascension_mode":true,"campfire_choices":[{"data":"Zap","floor":7,"key":"SMITH"},{"floor":10,"key":"REST"},{"data":"Doom and Gloom","floor":12,"key":"SMITH"},{"floor":15,"key":"REST"},{"floor":23,"key":"REST"},{"floor":28,"key":"REST"},{"data":"Defragment","floor":32,"key":"SMITH"}],"neow_cost":"PERCENT_DAMAGE","seed_source_timestamp":228401697704209,"circlet_count":0,"master_deck":["AscendersBane","Defend_B","Defend_B","Defend_B","Defend_B","Zap+1","Dualcast","Rebound","Static Discharge","Reinforced Body","Genetic Algorithm","Cold Snap","Doom and Gloom+1","Doom and Gloom","Echo Form","Glacier","All For One","Defragment+1","Genetic Algorithm","Hologram"],"relics":["Cracked Core","Gambling Chip","Smiling Mask","Art of War","Bronze Scales","Anchor","Happy Flower","Inserter","PreservedInsect","Nilry\u0027s Codex","DataDisk","Regal Pillow","Bag of Preparation"],"potions_floor_usage":[6,13,22,33],"damage_taken":[{"damage":0,"enemies":"Cultist","floor":1,"turns":3},{"damage":0,"enemies":"2 Louse","floor":4,"turns":1},{"damage":5,"enemies":"Lagavulin","floor":6,"turns":7},{"damage":1,"enemies":"Jaw Worm","floor":8,"turns":4},{"damage":22,"enemies":"Gremlin Nob","floor":11,"turns":4},{"damage":9,"enemies":"Gremlin Nob","floor":13,"turns":3},{"damage":10,"enemies":"Slime Boss","floor":16,"turns":8},{"damage":7,"enemies":"Spheric Guardian","floor":18,"turns":5},{"damage":2,"enemies":"Chosen","floor":20,"turns":8},{"damage":1,"enemies":"Snake Plant","floor":22,"turns":5},{"damage":5,"enemies":"Book of Stabbing","floor":24,"turns":5},{"damage":18,"enemies":"Gremlin Leader","floor":27,"turns":4},{"damage":3,"enemies":"Snecko","floor":30,"turns":5},{"damage":18,"enemies":"3 Cultists","floor":31,"turns":3},{"damage":48,"enemies":"Automaton","floor":33,"turns":6}],"seed_played":"1545924995616508273","potions_obtained":[{"floor":1,"key":"SkillPotion"},{"floor":4,"key":"Explosive Potion"},{"floor":8,"key":"SteroidPotion"},{"floor":13,"key":"Swift Potion"},{"floor":22,"key":"GamblersBrew"}],"is_trial":false,"path_per_floor":["M","?","$","M","?","E","R","M","T","R","E","R","?","$","R","B",null,"M","?","M","?","M","R","E","?","T","E","R","$","M","M","R","B"],"character_chosen":"DEFECT","items_purchased":["Static Discharge","Fire Potion","Happy Flower","Bag of Preparation","Defragment"],"campfire_rested":4,"item_purchase_floors":[3,3,14,29,29],"current_hp_per_floor":[46,35,35,35,28,23,23,22,22,43,21,21,12,12,33,23,59,52,52,50,50,49,70,65,44,44,26,62,62,59,41,41,0],"gold":29,"neow_bonus":"ONE_RARE_RELIC","is_prod":false,"is_daily":false,"chose_seed":false,"campfire_upgraded":3,"win_rate":0,"timestamp":1556871192,"path_taken":["M","?","$","M","?","E","R","M","T","R","E","R","?","$","R","BOSS","M","?","M","?","M","R","E","?","T","E","R","?","?","M","R","BOSS"],"build_version":"2019-04-23","purchased_purges":1,"victory":false,"max_hp_per_floor":[71,71,71,71,71,71,71,71,71,71,71,71,71,71,71,71,71,71,71,71,71,71,71,71,71,71,71,71,71,71,71,71,71],"card_choices":[{"not_picked":["Storm","Steam"],"picked":"Rebound","floor":1},{"not_picked":["Double Energy","Melter"],"picked":"Reinforced Body","floor":4},{"not_picked":["FTL","Consume"],"picked":"Genetic Algorithm","floor":6},{"not_picked":["Undo","Hologram"],"picked":"Cold Snap","floor":8},{"not_picked":["Self Repair","Double Energy"],"picked":"Doom and Gloom","floor":11},{"not_picked":["Turbo","Auto Shields"],"picked":"Doom and Gloom","floor":13},{"not_picked":["Biased Cognition","Seek"],"picked":"Echo Form","floor":16},{"not_picked":["Reprogram","Gash","Cold Snap"],"picked":"SKIP","floor":18},{"not_picked":["Reprogram","Darkness","Streamline"],"picked":"SKIP","floor":20},{"not_picked":["Reprogram","Darkness","Streamline"],"picked":"SKIP","floor":20},{"not_picked":["Rip and Tear","Aggregate","Melter"],"picked":"SKIP","floor":22},{"not_picked":["Scrape","Hologram","Ball Lightning"],"picked":"SKIP","floor":24},{"not_picked":["Steam+1","Leap","Ball Lightning"],"picked":"SKIP","floor":27},{"not_picked":["Stack","Cold Snap"],"picked":"Genetic Algorithm","floor":30},{"not_picked":["Fusion","Cold Snap"],"picked":"Hologram","floor":31}],"player_experience":6082979,"relics_obtained":[{"floor":6,"key":"Smiling Mask"},{"floor":9,"key":"Art of War"},{"floor":11,"key":"Bronze Scales"},{"floor":13,"key":"Anchor"},{"floor":24,"key":"PreservedInsect"},{"floor":25,"key":"Nilry\u0027s Codex"},{"floor":26,"key":"DataDisk"},{"floor":27,"key":"Regal Pillow"}],"event_choices":[{"damage_healed":0,"gold_gain":75,"player_choice":"Gather Gold","damage_taken":11,"max_hp_gain":0,"max_hp_loss":0,"event_name":"World of Goop","floor":2,"gold_loss":0},{"cards_removed":["Strike_B"],"damage_healed":0,"gold_gain":0,"player_choice":"Card Removal","damage_taken":7,"max_hp_gain":0,"max_hp_loss":0,"event_name":"Golden Wing","floor":5,"gold_loss":0},{"damage_healed":0,"gold_gain":0,"player_choice":"Searched \u00271\u0027 times","damage_taken":0,"max_hp_gain":0,"max_hp_loss":0,"event_name":"Dead Adventurer","floor":13,"gold_loss":0},{"damage_healed":0,"gold_gain":0,"player_choice":"Ignored","damage_taken":0,"max_hp_gain":0,"max_hp_loss":0,"event_name":"Vampires","floor":19,"gold_loss":0},{"damage_healed":0,"gold_gain":0,"cards_transformed":["Strike_B","Strike_B"],"player_choice":"Became Test Subject","damage_taken":0,"max_hp_gain":0,"max_hp_loss":0,"event_name":"Drug Dealer","floor":21,"gold_loss":0,"cards_obtained":["Glacier","All For One"]},{"damage_healed":0,"gold_gain":0,"player_choice":"Obtained Book","damage_taken":21,"max_hp_gain":0,"max_hp_loss":0,"event_name":"Cursed Tome","floor":25,"gold_loss":0}],"is_beta":true,"boss_relics":[{"not_picked":["Busted Crown","White Beast Statue"],"picked":"Inserter"}],"items_purged_floors":[14],"is_endless":false,"potions_floor_spawned":[1,4,8,13,18,22,27,31],"killed_by":"Automaton","ascension_level":20}