{"gold_per_floor":[117,129,43,53,76,76,101,101,124,124,149,149],"floor_reached":12,"playtime":372,"items_purged":[],"score":172,"play_id":"119547f1-80e6-4d4c-b094-8105276cc0cf","local_time":"20190503014727","is_ascension_mode":true,"campfire_choices":[{"data":"Bouncing Flask","floor":6,"key":"SMITH"},{"data":"Caltrops","floor":8,"key":"SMITH"}],"neow_cost":"NONE","seed_source_timestamp":231759379771439,"circlet_count":0,"master_deck":["AscendersBane","Defend_G","Defend_G","Defend_G","Defend_G","Defend_G","Strike_G","Strike_G","Strike_G","Strike_G","Strike_G","Survivor","Neutralize+1","Bouncing Flask+1","Dash","Caltrops+1","Dodge and Roll","Backflip+1"],"relics":["Ring of the Snake","Art of War","Toxic Egg 2","Snake Skull","FaceOfCleric","Ginger"],"potions_floor_usage":[7,11],"damage_taken":[{"damage":2,"enemies":"Cultist","floor":1,"turns":6},{"damage":0,"enemies":"2 Louse","floor":2,"turns":3},{"damage":0,"enemies":"Jaw Worm","floor":4,"turns":4},{"damage":7,"enemies":"Lagavulin","floor":7,"turns":8},{"damage":35,"enemies":"Gremlin Nob","floor":11,"turns":5},{"damage":16,"enemies":"3 Louse","floor":12,"turns":2}],"seed_played":"6452948236864966704","potions_obtained":[{"floor":1,"key":"Block Potion"},{"floor":2,"key":"SpeedPotion"}],"is_trial":false,"path_per_floor":["M","M","$","M","T","R","E","R","T","?","E","M"],"character_chosen":"THE_SILENT","items_purchased":["Caltrops"],"campfire_rested":0,"item_purchase_floors":[3],"current_hp_per_floor":[57,57,57,57,57,57,50,50,50,50,16,0],"gold":149,"neow_bonus":"UPGRADE_CARD","is_prod":false,"is_daily":false,"chose_seed":false,"campfire_upgraded":2,"win_rate":0,"timestamp":1556873247,"path_taken":["M","M","$","M","?","R","E","R","T","?","E","M"],"build_version":"2019-04-23","purchased_purges":0,"victory":false,"max_hp_per_floor":[66,66,66,66,66,66,66,66,66,66,67,67],"card_choices":[{"not_picked":["Catalyst","Flechettes"],"picked":"Bouncing Flask","floor":1},{"not_picked":["Sucker Punch","Expertise"],"picked":"Dash","floor":2},{"not_picked":["Flying Knee","Distraction"],"picked":"Dodge and Roll","floor":4},{"not_picked":["Bane","Setup"],"picked":"Backflip","floor":7},{"not_picked":["Sucker Punch","Reflex+1","Flying Knee"],"picked":"SKIP","floor":11}],"player_experience":6086305,"relics_obtained":[{"floor":5,"key":"Art of War"},{"floor":7,"key":"Toxic Egg 2"},{"floor":9,"key":"Snake Skull"},{"floor":11,"key":"Ginger"}],"event_choices":[{"damage_healed":0,"gold_gain":0,"player_choice":"Trade","damage_taken":0,"relics_obtained":["FaceOfCleric"],"max_hp_gain":0,"max_hp_loss":0,"event_name":"FaceTrader","floor":10,"gold_loss":0}],"is_beta":true,"boss_relics":[],"items_purged_floors":[],"is_endless":false,"potions_floor_spawned":[1,2],"killed_by":"3 Louse","ascension_level":20}