{"gold_per_floor":[116,116,5,21,31,31,46,78,149,149,17,34,34,63,63,140,140,160,178,78,78,78,78,78,103,103,119,131,6,6,24,24,98,98,113,113,32,56,16,16,43,55,126,144,173,183,213,70,70,70,70,70,70,11,41,41],"floor_reached":56,"playtime":3362,"items_purged":["Strike_B","Strike_B","Dualcast"],"score":2126,"play_id":"2398453b-8b98-4bbe-a235-bfee9567c45b","local_time":"20190502223419","is_ascension_mode":true,"campfire_choices":[{"data":"Zap","floor":6,"key":"SMITH"},{"data":"Static Discharge","floor":10,"key":"SMITH"},{"floor":15,"key":"REST"},{"floor":23,"key":"REST"},{"data":"Ghostly","floor":30,"key":"SMITH"},{"data":"Ghostly","floor":32,"key":"SMITH"},{"data":"Defragment","floor":40,"key":"SMITH"},{"floor":49,"key":"RECALL"},{"data":"Consume","floor":53,"key":"SMITH"}],"neow_cost":"NONE","seed_source_timestamp":217181241556223,"circlet_count":0,"master_deck":["AscendersBane","Defend_B","Defend_B","Defend_B","Defend_B","Zap+1","Static Discharge+1","Coolheaded+1","Gash","Sweeping Beam","Gash","Reinforced Body","Gash+1","Skim","Gash+1","Hologram","Electrodynamics","Hologram","Cold Snap+1","Loop","Compile Driver","Ghostly","Ghostly+1","Ghostly+1","Coolheaded","Coolheaded","All For One","Consume+1","Self Repair","Defragment+1","Gash","Coolheaded+1","Echo Form","Hologram","Hologram","Beam Cell"],"relics":["Cracked Core","Calipers","Pear","Dream Catcher","Sozu","Art of War","Mummified Hand","Runic Dome","Boot","Bag of Preparation","Turnip","Centennial Puzzle","Whetstone","Bottled Flame"],"potions_floor_usage":[8,14,14,14,14],"damage_taken":[{"damage":7,"enemies":"Small Slimes","floor":1,"turns":3},{"damage":0,"enemies":"Cultist","floor":4,"turns":4},{"damage":0,"enemies":"Jaw Worm","floor":5,"turns":3},{"damage":12,"enemies":"Blue Slaver","floor":7,"turns":4},{"damage":8,"enemies":"3 Sentries","floor":8,"turns":5},{"damage":28,"enemies":"Exordium Thugs","floor":12,"turns":3},{"damage":22,"enemies":"Gremlin Nob","floor":14,"turns":4},{"damage":23,"enemies":"Hexaghost","floor":16,"turns":6},{"damage":14,"enemies":"Shell Parasite","floor":18,"turns":5},{"damage":8,"enemies":"Spheric Guardian","floor":19,"turns":4},{"damage":7,"enemies":"Slavers","floor":25,"turns":4},{"damage":16,"enemies":"Shelled Parasite and Fungi","floor":27,"turns":4},{"damage":1,"enemies":"Snake Plant","floor":28,"turns":4},{"damage":2,"enemies":"Cultist and Chosen","floor":31,"turns":7},{"damage":0,"enemies":"Automaton","floor":33,"turns":10},{"damage":0,"enemies":"3 Shapes","floor":35,"turns":3},{"damage":22,"enemies":"Reptomancer","floor":41,"turns":5},{"damage":0,"enemies":"Orb Walker","floor":42,"turns":2},{"damage":0,"enemies":"4 Shapes","floor":44,"turns":7},{"damage":0,"enemies":"Giant Head","floor":45,"turns":4},{"damage":5,"enemies":"Writhing Mass","floor":46,"turns":5},{"damage":5,"enemies":"Reptomancer","floor":47,"turns":4},{"damage":1,"enemies":"Time Eater","floor":50,"turns":16},{"damage":11,"enemies":"Awakened One","floor":51,"turns":7},{"damage":11,"enemies":"Shield and Spear","floor":55,"turns":3},{"damage":36,"enemies":"The Heart","floor":56,"turns":6}],"seed_played":"7319247995872024076","potions_obtained":[{"floor":1,"key":"EntropicBrew"},{"floor":12,"key":"Strength Potion"},{"floor":14,"key":"SkillPotion"}],"is_trial":false,"path_per_floor":["M","?","$","M","M","R","M","E","T","R","$","M","?","E","R","B",null,"M","M","$","?","$","R","?","E","T","M","M","$","R","M","R","B",null,"M","?","$","T","$","R","E","M","T","M","E","M","E","$","R","B","B",null,"R","$","E","B"],"character_chosen":"DEFECT","items_purchased":["Fire Potion","Coolheaded","Gash","Self Repair","Defragment","Echo Form","Hologram","Hologram"],"campfire_rested":2,"item_purchase_floors":[3,3,11,37,39,48,48,54],"current_hp_per_floor":[64,64,64,64,64,64,52,44,54,54,54,26,26,4,30,7,68,54,46,46,46,46,72,44,37,37,21,20,20,20,18,18,18,38,38,38,38,38,38,38,23,30,30,37,44,44,39,39,39,44,33,41,41,41,30,0],"gold":41,"neow_bonus":"TEN_PERCENT_HP_BONUS","is_prod":false,"is_daily":false,"chose_seed":false,"campfire_upgraded":6,"win_rate":0,"timestamp":1556861659,"path_taken":["M","?","$","M","?","R","M","E","T","R","$","M","?","E","R","BOSS","M","M","$","?","?","R","?","E","T","M","M","$","R","M","R","BOSS","M","?","$","?","$","R","E","M","T","M","E","M","E","?","R","BOSS","BOSS","R","$","E","BOSS"],"build_version":"2019-04-23","purchased_purges":3,"victory":false,"max_hp_per_floor":[78,78,78,78,78,78,78,78,88,88,88,88,88,88,88,88,88,88,88,88,88,88,88,44,44,44,44,44,44,44,44,44,44,44,44,44,44,44,44,44,44,44,44,44,44,44,44,44,44,44,44,44,44,44,44,44],"card_choices":[{"not_picked":["Loop","Skim"],"picked":"Static Discharge","floor":1},{"not_picked":["Hologram","Melter"],"picked":"Gash","floor":4},{"not_picked":["Streamline","Melter"],"picked":"Sweeping Beam","floor":5},{"not_picked":["Lockon","Capacitor"],"picked":"Gash","floor":7},{"not_picked":["BootSequence","Scrape"],"picked":"Reinforced Body","floor":8},{"not_picked":["Sweeping Beam","Ball Lightning"],"picked":"Skim","floor":12},{"not_picked":["Buffer","Hyperbeam"],"picked":"Gash","floor":14},{"not_picked":["Leap","Go for the Eyes"],"picked":"Hologram","floor":15},{"not_picked":["Core Surge","Reboot"],"picked":"Electrodynamics","floor":16},{"not_picked":["Gash","Blizzard"],"picked":"Hologram","floor":18},{"not_picked":["Rebound","Lockon"],"picked":"Cold Snap+1","floor":19},{"not_picked":["Static Discharge","Auto Shields"],"picked":"Compile Driver","floor":23},{"not_picked":["Rip and Tear","Compile Driver"],"picked":"Coolheaded","floor":25},{"not_picked":["Blizzard","Sweeping Beam","Rebound"],"picked":"SKIP","floor":27},{"not_picked":["Beam Cell","Aggregate","Conserve Battery"],"picked":"SKIP","floor":28},{"not_picked":["Electrodynamics","BootSequence"],"picked":"Coolheaded","floor":31},{"not_picked":["Reboot","Thunder Strike"],"picked":"All For One","floor":33},{"not_picked":["Streamline+1","Hello World"],"picked":"Consume","floor":35},{"not_picked":["Redo","Static Discharge","Reinforced Body"],"picked":"SKIP","floor":41},{"not_picked":["Ball Lightning+1","Stack","Conserve Battery+1"],"picked":"SKIP","floor":42},{"not_picked":["Blizzard","Cold Snap"],"picked":"Gash","floor":44},{"not_picked":["Double Energy","Rip and Tear","Cold Snap"],"picked":"SKIP","floor":45},{"not_picked":["Gash","Steam+1"],"picked":"Coolheaded+1","floor":46},{"not_picked":["Barrage","Auto Shields","Melter"],"picked":"SKIP","floor":47},{"not_picked":["Beam Cell","Chill+1","Fusion"],"picked":"SKIP","floor":55},{"not_picked":["Chill+1","Fusion"],"picked":"Beam Cell","floor":55}],"player_experience":6071831,"relics_obtained":[{"floor":8,"key":"Calipers"},{"floor":9,"key":"Pear"},{"floor":14,"key":"Dream Catcher"},{"floor":25,"key":"Art of War"},{"floor":26,"key":"Mummified Hand"},{"floor":38,"key":"Bag of Preparation"},{"floor":41,"key":"Turnip"},{"floor":45,"key":"Centennial Puzzle"},{"floor":47,"key":"Whetstone"},{"floor":55,"key":"Bottled Flame"}],"event_choices":[{"cards_removed":["Strike_B"],"damage_healed":0,"gold_gain":0,"player_choice":"Offered Basic","damage_taken":0,"max_hp_gain":0,"max_hp_loss":0,"event_name":"Bonfire Elementals","floor":2,"gold_loss":0},{"damage_healed":0,"gold_gain":0,"player_choice":"Grow","damage_taken":0,"max_hp_gain":0,"max_hp_loss":0,"event_name":"Living Wall","floor":13,"gold_loss":0,"cards_upgraded":["Coolheaded"]},{"damage_healed":0,"gold_gain":0,"cards_transformed":["Strike_B"],"player_choice":"Transformed","damage_taken":0,"max_hp_gain":0,"max_hp_loss":0,"event_name":"Transmorgrifier","floor":21,"gold_loss":0,"cards_obtained":["Loop"]},{"damage_healed":0,"gold_gain":0,"player_choice":"Became a Ghost","damage_taken":0,"max_hp_gain":0,"max_hp_loss":44,"event_name":"Ghosts","floor":24,"gold_loss":0,"cards_obtained":["Ghostly","Ghostly","Ghostly"]},{"damage_healed":0,"gold_gain":0,"player_choice":"Gave Potion","damage_taken":0,"relics_obtained":["Boot"],"max_hp_gain":0,"max_hp_loss":0,"event_name":"WeMeetAgain","floor":36,"gold_loss":0}],"is_beta":true,"boss_relics":[{"not_picked":["FrozenCore","Coffee Dripper"],"picked":"Sozu"},{"not_picked":["Calling Bell","Busted Crown"],"picked":"Runic Dome"}],"items_purged_floors":[11,20,29],"is_endless":false,"potions_floor_spawned":[1,12,14,18,19,33,42,44,46],"killed_by":"The Heart","ascension_level":20}