{"gold_per_floor":[114,114,39,64,94,94,138,138,165,178,197,197,228,98,98,98],"floor_reached":16,"playtime":415,"items_purged":["Strike_R"],"score":216,"play_id":"f00e2be4-b09f-424c-af83-bbfbc4c4ab32","local_time":"20190429133305","is_ascension_mode":true,"campfire_choices":[{"data":"Bash","floor":6,"key":"SMITH"},{"data":"Perfected Strike","floor":8,"key":"SMITH"},{"data":"Perfected Strike","floor":15,"key":"SMITH"}],"neow_cost":"NONE","seed_source_timestamp":174840990069295,"circlet_count":0,"master_deck":["AscendersBane","Strike_R","Strike_R","Strike_R","Defend_R","Defend_R","Defend_R","Defend_R","Bash+1","Perfected Strike+1","Perfected Strike+1","Perfected Strike+1","Feel No Pain","Inflame","True Grit","Shrug It Off"],"relics":["Burning Blood","Golden Idol","Tiny Chest","Centennial Puzzle","PreservedInsect","Singing Bowl"],"potions_floor_usage":[11,16],"damage_taken":[{"damage":4,"enemies":"Small Slimes","floor":1,"turns":4},{"damage":9,"enemies":"Jaw Worm","floor":4,"turns":3},{"damage":30,"enemies":"3 Sentries","floor":7,"turns":8},{"damage":2,"enemies":"2 Louse","floor":10,"turns":2},{"damage":2,"enemies":"Exordium Wildlife","floor":11,"turns":3},{"damage":15,"enemies":"Lagavulin","floor":13,"turns":4},{"damage":36,"enemies":"Hexaghost","floor":16,"turns":7}],"seed_played":"5108338382816379385","potions_obtained":[{"floor":4,"key":"Energy Potion"},{"floor":7,"key":"Block Potion"}],"is_trial":false,"path_per_floor":["M","?","?","M","?","R","E","R","T","M","M","?","E","$","R","B"],"character_chosen":"IRONCLAD","items_purchased":["Shrug It Off"],"campfire_rested":0,"item_purchase_floors":[14],"current_hp_per_floor":[70,68,68,65,54,54,30,30,30,34,38,38,29,29,29,0],"gold":98,"neow_bonus":"THREE_CARDS","is_prod":false,"is_daily":false,"chose_seed":false,"campfire_upgraded":3,"win_rate":0,"timestamp":1556569985,"path_taken":["M","?","?","M","?","R","E","R","T","M","?","?","E","$","R","BOSS"],"build_version":"2019-04-23","purchased_purges":1,"victory":false,"max_hp_per_floor":[75,68,68,68,68,68,68,68,68,68,68,68,68,68,68,68],"card_choices":[{"not_picked":["Thunderclap","Clash"],"picked":"Perfected Strike","floor":0},{"not_picked":["Bloodletting","Infernal Blade"],"picked":"Perfected Strike","floor":1},{"not_picked":["Sword Boomerang","Clash"],"picked":"Perfected Strike","floor":4},{"not_picked":["Combust","Warcry"],"picked":"Feel No Pain","floor":7},{"not_picked":["Iron Wave","Dual Wield","Fire Breathing"],"picked":"SKIP","floor":10},{"not_picked":["Rampage","Havoc"],"picked":"Inflame","floor":11},{"not_picked":["Twin Strike","Thunderclap"],"picked":"True Grit","floor":13}],"player_experience":5951260,"relics_obtained":[{"floor":7,"key":"Centennial Puzzle"},{"floor":9,"key":"PreservedInsect"},{"floor":13,"key":"Singing Bowl"}],"event_choices":[{"damage_healed":0,"gold_gain":0,"player_choice":"Lose Max HP","damage_taken":0,"relics_obtained":["Golden Idol"],"max_hp_gain":0,"max_hp_loss":7,"event_name":"Golden Idol","floor":2,"gold_loss":0},{"cards_removed":["Strike_R"],"damage_healed":0,"gold_gain":0,"player_choice":"Card Removal","damage_taken":0,"max_hp_gain":0,"max_hp_loss":0,"event_name":"The Cleric","floor":3,"gold_loss":75},{"damage_healed":0,"gold_gain":0,"player_choice":"Success","damage_taken":11,"relics_obtained":["Tiny Chest"],"max_hp_gain":0,"max_hp_loss":0,"event_name":"Scrap Ooze","floor":5,"gold_loss":0},{"damage_healed":0,"gold_gain":0,"player_choice":"Grow","damage_taken":0,"max_hp_gain":0,"max_hp_loss":0,"event_name":"Living Wall","floor":12,"gold_loss":0,"cards_upgraded":["Perfected Strike"]}],"is_beta":true,"boss_relics":[],"items_purged_floors":[14],"is_endless":false,"potions_floor_spawned":[4,7],"killed_by":"Hexaghost","ascension_level":20}