{"gold_per_floor":[115,129,48,61,61,86,86,113,113,129,2,36,52,52,52,126,126,137,137,62,62,75,75,75],"floor_reached":24,"playtime":1084,"items_purged":["Strike_B"],"score":503,"play_id":"1b7d6116-219e-4aae-ba07-320a3876640a","local_time":"20190427184310","is_ascension_mode":true,"campfire_choices":[{"floor":7,"key":"REST"},{"data":"Consume","floor":15,"key":"SMITH"},{"data":"Multi-Cast","floor":23,"key":"SMITH"}],"neow_cost":"NONE","seed_source_timestamp":19977749778457,"circlet_count":0,"master_deck":["AscendersBane","Defend_B","Defend_B","Defend_B","Defend_B","Zap","Dualcast","Auto Shields","Streamline","Biased Cognition","Ball Lightning","Genetic Algorithm","Consume+1","Hologram","Self Repair","Cold Snap","Multi-Cast+1","FTL","Bite","Bite","Bite","Bite","Bite"],"relics":["Inserter","StoneCalendar","Symbiotic Virus","Sozu"],"potions_floor_usage":[8,12,16,24],"damage_taken":[{"damage":2,"enemies":"Cultist","floor":1,"turns":4},{"damage":13,"enemies":"Jaw Worm","floor":2,"turns":4},{"damage":2,"enemies":"2 Louse","floor":4,"turns":3},{"damage":28,"enemies":"Lagavulin","floor":6,"turns":8},{"damage":17,"enemies":"3 Sentries","floor":8,"turns":7},{"damage":3,"enemies":"Blue Slaver","floor":10,"turns":3},{"damage":0,"enemies":"Gremlin Nob","floor":12,"turns":3},{"damage":7,"enemies":"3 Louse","floor":13,"turns":7},{"damage":7,"enemies":"The Guardian","floor":16,"turns":8},{"damage":27,"enemies":"Shell Parasite","floor":18,"turns":4},{"damage":0,"enemies":"Spheric Guardian","floor":22,"turns":3},{"damage":40,"enemies":"Slavers","floor":24,"turns":3}],"seed_played":"-8413780052681516171","potions_obtained":[{"floor":6,"key":"Block Potion"},{"floor":8,"key":"EssenceOfSteel"},{"floor":12,"key":"Block Potion"}],"is_trial":false,"path_per_floor":["M","M","$","M","?","E","R","E","T","M","$","E","M","?","R","B",null,"M","?","$","?","M","R","E"],"character_chosen":"DEFECT","items_purchased":["Biased Cognition","Self Repair","Poison Potion"],"campfire_rested":1,"item_purchase_floors":[3,11,11],"current_hp_per_floor":[62,49,49,47,47,19,40,23,23,20,20,20,20,13,13,13,57,37,17,17,17,25,25,0],"gold":75,"neow_bonus":"BOSS_RELIC","is_prod":false,"is_daily":false,"chose_seed":false,"campfire_upgraded":2,"win_rate":0,"timestamp":1556415790,"path_taken":["M","M","?","M","?","E","R","E","T","M","$","E","?","?","R","BOSS","M","?","$","?","M","R","E"],"build_version":"2019-04-23","purchased_purges":1,"victory":false,"max_hp_per_floor":[71,71,71,71,71,71,71,71,71,71,71,71,71,71,71,71,71,71,76,76,53,53,53,53],"card_choices":[{"not_picked":["Barrage","Heatsinks"],"picked":"Auto Shields","floor":1},{"not_picked":["Stack","Capacitor"],"picked":"Streamline","floor":2},{"not_picked":["Machine Learning","Barrage"],"picked":"Ball Lightning","floor":4},{"not_picked":["Leap","Melter"],"picked":"Genetic Algorithm","floor":6},{"not_picked":["Rebound","Sunder"],"picked":"Consume","floor":8},{"not_picked":["Go for the Eyes","Meteor Strike"],"picked":"Hologram","floor":10},{"not_picked":["Compile Driver","Force Field"],"picked":"Cold Snap","floor":12},{"not_picked":["Chaos","Gash","Rip and Tear"],"picked":"SKIP","floor":13},{"not_picked":["Fission","Reboot"],"picked":"Multi-Cast","floor":16},{"not_picked":["Gash","Sweeping Beam"],"picked":"FTL","floor":18},{"not_picked":["Gash","Melter","Ball Lightning+1"],"picked":"SKIP","floor":22}],"player_experience":5910704,"relics_obtained":[{"floor":6,"key":"StoneCalendar"},{"floor":8,"key":"Symbiotic Virus"}],"event_choices":[{"cards_removed":["Strike_B"],"damage_healed":0,"gold_gain":0,"player_choice":"Card Removal","damage_taken":0,"max_hp_gain":0,"max_hp_loss":0,"event_name":"Wheel of Change","floor":5,"gold_loss":0},{"cards_removed":["Strike_B"],"damage_healed":0,"gold_gain":0,"player_choice":"Card Removal","damage_taken":7,"max_hp_gain":0,"max_hp_loss":0,"event_name":"Golden Wing","floor":14,"gold_loss":0},{"damage_healed":0,"gold_gain":0,"player_choice":"Shed Blood","damage_taken":25,"max_hp_gain":5,"max_hp_loss":0,"event_name":"Forgotten Altar","floor":19,"gold_loss":0},{"damage_healed":0,"gold_gain":0,"player_choice":"Became a vampire","damage_taken":0,"max_hp_gain":0,"max_hp_loss":23,"event_name":"Vampires","floor":21,"gold_loss":0,"cards_obtained":["Bite","Bite","Bite","Bite","Bite"]}],"is_beta":true,"boss_relics":[{"not_picked":["Calling Bell","Empty Cage"],"picked":"Sozu"}],"items_purged_floors":[20],"is_endless":false,"potions_floor_spawned":[6,8,12,13,22],"killed_by":"Slavers","ascension_level":20}