{"gold_per_floor":[115,115,125,139,139,139,164,164,164,164,164,193,193,209,209,288,288,304,38,58,58,58,92,92,92,92,119,138,166,176,192,192,267,267,283,45,45,45,56,88,104,134,157,170,170,198,210,235,235,235,235,235,235,21,47,47],"floor_reached":57,"playtime":6485,"items_purged":["Strike_R"],"score":2851,"play_id":"69170f59-4732-438e-a363-91723e7c8c2e","local_time":"20190424145712","is_ascension_mode":true,"campfire_choices":[{"data":"Inflame","floor":6,"key":"SMITH"},{"data":"Anger","floor":8,"key":"SMITH"},{"data":"Shockwave","floor":10,"key":"SMITH"},{"data":"Bash","floor":13,"key":"SMITH"},{"data":"Metallicize","floor":15,"key":"SMITH"},{"floor":24,"key":"REST"},{"floor":32,"key":"REST"},{"floor":45,"key":"RECALL"},{"floor":49,"key":"REST"},{"floor":53,"key":"REST"}],"neow_cost":"NONE","seed_source_timestamp":176933287002103,"circlet_count":0,"master_deck":["AscendersBane","Strike_R","Defend_R","Defend_R","Defend_R","Defend_R","Bash+1","Anger+1","Feel No Pain","Inflame+1","Armaments","Shockwave+1","Power Through","Spot Weakness","Metallicize+1","Feed","Headbutt","Combust","RitualDagger","Ghostly","Ghostly","Ghostly","Reaper","Uppercut+1","Shrug It Off","Battle Trance+1","Evolve","Thunderclap","Offering","True Grit+1","Seeing Red+1","Flash of Steel","Secret Technique","Rupture+1","Shrug It Off","Sword Boomerang","Reaper","Headbutt","True Grit+1","Headbutt","Disarm","Shrug It Off"],"relics":["Burning Blood","Red Skull","Prayer Wheel","Meat on the Bone","Oddly Smooth Stone","Fusion Hammer","Self Forming Clay","Unceasing Top","Vajra","Centennial Puzzle","Happy Flower","Lizard Tail","Potion Belt","Bag of Marbles","Ancient Tea Set","Kunai","Bronze Scales","Lantern","Boot"],"potions_floor_usage":[7,16,23,33,33,55,56,56],"damage_taken":[{"damage":11,"enemies":"Jaw Worm","floor":1,"turns":6},{"damage":4,"enemies":"Cultist","floor":3,"turns":4},{"damage":5,"enemies":"2 Louse","floor":4,"turns":4},{"damage":28,"enemies":"Gremlin Nob","floor":7,"turns":4},{"damage":20,"enemies":"3 Sentries","floor":12,"turns":9},{"damage":13,"enemies":"Exordium Wildlife","floor":14,"turns":5},{"damage":22,"enemies":"The Guardian","floor":16,"turns":12},{"damage":28,"enemies":"Chosen","floor":18,"turns":8},{"damage":9,"enemies":"3 Byrds","floor":20,"turns":6},{"damage":34,"enemies":"Slavers","floor":23,"turns":9},{"damage":10,"enemies":"Gremlin Leader","floor":27,"turns":6},{"damage":14,"enemies":"Snecko","floor":28,"turns":7},{"damage":3,"enemies":"Slavers","floor":29,"turns":4},{"damage":5,"enemies":"Snake Plant","floor":30,"turns":6},{"damage":28,"enemies":"Sentry and Sphere","floor":31,"turns":7},{"damage":39,"enemies":"Automaton","floor":33,"turns":10},{"damage":15,"enemies":"3 Darklings","floor":35,"turns":10},{"damage":8,"enemies":"3 Shapes","floor":39,"turns":3},{"damage":13,"enemies":"Nemesis","floor":40,"turns":7},{"damage":13,"enemies":"Jaw Worm Horde","floor":41,"turns":6},{"damage":22,"enemies":"Reptomancer","floor":42,"turns":6},{"damage":17,"enemies":"Spire Growth","floor":44,"turns":7},{"damage":10,"enemies":"Nemesis","floor":46,"turns":7},{"damage":19,"enemies":"Transient","floor":47,"turns":6},{"damage":13,"enemies":"Giant Head","floor":48,"turns":7},{"damage":64,"enemies":"Time Eater","floor":50,"turns":12},{"damage":67,"enemies":"Donu and Deca","floor":51,"turns":8},{"damage":69,"enemies":"Shield and Spear","floor":55,"turns":9},{"damage":114,"enemies":"The Heart","floor":56,"turns":10}],"seed_played":"-8383578487086758453","potions_obtained":[{"floor":1,"key":"FearPotion"},{"floor":4,"key":"BloodPotion"},{"floor":12,"key":"Poison Potion"},{"floor":18,"key":"Poison Potion"},{"floor":27,"key":"Strength Potion"},{"floor":31,"key":"Weak Potion"},{"floor":33,"key":"BloodPotion"},{"floor":35,"key":"Dexterity Potion"},{"floor":39,"key":"Explosive Potion"},{"floor":41,"key":"FairyPotion"},{"floor":46,"key":"SkillPotion"},{"floor":55,"key":"FearPotion"}],"is_trial":false,"path_per_floor":["M","?","M","M","?","R","E","R","T","R","?","E","R","M","R","B",null,"M","$","M","?","?","E","R","?","T","E","M","E","M","M","R","B",null,"M","$","?","?","M","E","M","E","T","M","R","E","M","E","R","B","B",null,"R","$","E","B",null],"character_chosen":"IRONCLAD","items_purchased":["Self Forming Clay","Potion Belt","Lantern","Block Potion"],"campfire_rested":4,"item_purchase_floors":[19,36,54,54],"current_hp_per_floor":[63,63,65,66,66,66,44,44,44,44,37,35,35,40,40,36,65,55,55,55,55,49,36,60,40,40,39,36,47,50,43,53,40,52,53,53,53,43,60,67,70,73,73,69,69,68,66,69,76,65,78,82,83,83,86,30],"gold":47,"neow_bonus":"RANDOM_COMMON_RELIC","is_prod":false,"is_daily":false,"chose_seed":false,"campfire_upgraded":5,"win_rate":0,"timestamp":1556143032,"path_taken":["M","?","M","?","?","R","E","R","T","R","?","E","R","M","R","BOSS","M","$","M","?","?","E","R","?","T","E","?","E","?","M","R","BOSS","M","$","?","?","M","E","M","E","T","M","R","E","M","E","R","BOSS","BOSS","R","$","E","BOSS"],"build_version":"2019-04-23","purchased_purges":1,"victory":true,"max_hp_per_floor":[75,75,75,75,75,75,75,75,75,75,75,75,75,75,75,75,75,75,75,78,78,78,81,81,40,40,43,43,47,50,53,53,56,56,59,59,59,59,63,67,70,73,73,73,73,76,76,76,76,80,83,83,83,83,86,89],"card_choices":[{"not_picked":["Sever Soul","Hemokinesis"],"picked":"Anger","floor":1},{"not_picked":["Heavy Blade","Flex"],"picked":"Inflame","floor":3},{"not_picked":["Searing Blow","True Grit"],"picked":"Armaments","floor":4},{"not_picked":["Rupture","Wild Strike"],"picked":"Shockwave","floor":7},{"not_picked":["Anger","Havoc"],"picked":"Power Through","floor":12},{"not_picked":["Intimidate","Clothesline"],"picked":"Spot Weakness","floor":14},{"not_picked":["Fire Breathing","Cleave"],"picked":"Metallicize","floor":14},{"not_picked":["Juggernaut","Dark Embrace"],"picked":"Feed","floor":16},{"not_picked":["Armaments","Blood for Blood"],"picked":"Headbutt","floor":18},{"not_picked":["Dual Wield","Pommel Strike","Heavy Blade"],"picked":"SKIP","floor":18},{"not_picked":["Anger","Pommel Strike"],"picked":"Combust","floor":20},{"not_picked":["Thunderclap","Sentinel","Perfected Strike"],"picked":"SKIP","floor":20},{"not_picked":["Wild Strike","Spot Weakness","Fire Breathing"],"picked":"SKIP","floor":23},{"not_picked":["Pummel","Heavy Blade"],"picked":"Reaper","floor":27},{"not_picked":["Berserk","Twin Strike"],"picked":"Uppercut+1","floor":28},{"not_picked":["Body Slam","Twin Strike+1","Thunderclap"],"picked":"SKIP","floor":28},{"not_picked":["Reckless Charge","Flame Barrier"],"picked":"Shrug It Off","floor":29},{"not_picked":["Havoc","Sentinel"],"picked":"Battle Trance+1","floor":30},{"not_picked":["Second Wind","Anger","Evolve"],"picked":"SKIP","floor":30},{"not_picked":["Second Wind","Anger"],"picked":"Evolve","floor":30},{"not_picked":["Anger","Heavy Blade"],"picked":"Thunderclap","floor":31},{"not_picked":["Body Slam","Searing Blow","Perfected Strike"],"picked":"SKIP","floor":31},{"not_picked":["Juggernaut","Brutality"],"picked":"Offering","floor":33},{"not_picked":["Shrug It Off","Pommel Strike"],"picked":"True Grit+1","floor":35},{"not_picked":["Dual Wield","Cleave"],"picked":"Seeing Red+1","floor":35},{"not_picked":["Jack Of All Trades","Blind"],"picked":"Flash of Steel","floor":38},{"not_picked":["Madness","Forethought"],"picked":"Secret Technique","floor":38},{"not_picked":["Spot Weakness","Anger+1"],"picked":"Rupture+1","floor":39},{"not_picked":["Twin Strike","Perfected Strike","Second Wind+1"],"picked":"SKIP","floor":39},{"not_picked":["Sentinel+1","Cleave+1","Flex"],"picked":"SKIP","floor":40},{"not_picked":["Seeing Red","Uppercut"],"picked":"Shrug It Off","floor":41},{"not_picked":["Sword Boomerang","Twin Strike","Fire Breathing"],"picked":"SKIP","floor":41},{"not_picked":["Twin Strike","Fire Breathing"],"picked":"Sword Boomerang","floor":41},{"not_picked":["Twin Strike","Shrug It Off"],"picked":"Reaper","floor":42},{"not_picked":["Whirlwind","Blood for Blood"],"picked":"Headbutt","floor":44},{"not_picked":["Flame Barrier","Wild Strike","Evolve"],"picked":"SKIP","floor":44},{"not_picked":["Cleave","Body Slam+1","Searing Blow+1"],"picked":"SKIP","floor":46},{"not_picked":["Pommel Strike+1","Armaments"],"picked":"True Grit+1","floor":47},{"not_picked":["Reckless Charge","Body Slam+1"],"picked":"Headbutt","floor":47},{"not_picked":["True Grit","Berserk"],"picked":"Disarm","floor":48},{"not_picked":["Bloodletting","Clothesline"],"picked":"Shrug It Off","floor":55}],"player_experience":5812995,"relics_obtained":[{"floor":7,"key":"Prayer Wheel"},{"floor":9,"key":"Meat on the Bone"},{"floor":12,"key":"Oddly Smooth Stone"},{"floor":23,"key":"Unceasing Top"},{"floor":26,"key":"Vajra"},{"floor":27,"key":"Centennial Puzzle"},{"floor":29,"key":"Happy Flower"},{"floor":40,"key":"Bag of Marbles"},{"floor":42,"key":"Ancient Tea Set"},{"floor":46,"key":"Kunai"},{"floor":48,"key":"Bronze Scales"},{"floor":55,"key":"Boot"}],"event_choices":[{"damage_healed":0,"gold_gain":0,"cards_transformed":["Strike_R"],"player_choice":"Transformed","damage_taken":0,"max_hp_gain":0,"max_hp_loss":0,"event_name":"Transmorgrifier","floor":2,"gold_loss":0,"cards_obtained":["Feel No Pain"]},{"damage_healed":0,"gold_gain":0,"player_choice":"Ignored","damage_taken":0,"max_hp_gain":0,"max_hp_loss":0,"event_name":"Liars Game","floor":5,"gold_loss":0},{"cards_removed":["Strike_R"],"damage_healed":0,"gold_gain":0,"player_choice":"Card Removal","damage_taken":7,"max_hp_gain":0,"max_hp_loss":0,"event_name":"Golden Wing","floor":11,"gold_loss":0},{"damage_healed":0,"gold_gain":0,"player_choice":"Ignored","damage_taken":0,"max_hp_gain":0,"max_hp_loss":0,"event_name":"Beggar","floor":21,"gold_loss":0},{"damage_healed":0,"gold_gain":0,"player_choice":"Joined the Cult","damage_taken":6,"max_hp_gain":0,"max_hp_loss":0,"event_name":"Nest","floor":22,"gold_loss":0,"cards_obtained":["RitualDagger"]},{"damage_healed":0,"gold_gain":0,"player_choice":"Became a Ghost","damage_taken":0,"max_hp_gain":0,"max_hp_loss":41,"event_name":"Ghosts","floor":25,"gold_loss":0,"cards_obtained":["Ghostly","Ghostly","Ghostly"]},{"cards_removed":["Strike_R"],"damage_healed":0,"gold_gain":0,"player_choice":"Removed Attack","damage_taken":0,"max_hp_gain":0,"max_hp_loss":0,"event_name":"Falling","floor":37,"gold_loss":0},{"damage_healed":0,"gold_gain":0,"player_choice":"Memory 3","damage_taken":10,"max_hp_gain":0,"max_hp_loss":0,"event_name":"SensoryStone","floor":38,"gold_loss":0}],"is_beta":true,"boss_relics":[{"not_picked":["Orrery","Tiny House"],"picked":"Fusion Hammer"},{"not_picked":["Mark of Pain","Busted Crown"],"picked":"Lizard Tail"}],"items_purged_floors":[36],"is_endless":false,"potions_floor_spawned":[1,4,12,14,18,27,28,31,33,35,39,41,46,55],"ascension_level":20}