{"gold_per_floor":[116,41,41,59,59,59,78,78,78,117,129,40,40,53,53,148,148,171,171,189,189,389,389,423,423,496,174,194,194,1,20,20,116,116,132,44,44,68,68,68,107,107,160,160,176,192,223,239,239,239,239,239,239,13,57,57],"floor_reached":56,"playtime":4660,"items_purged":["Strike_G"],"score":1967,"play_id":"037177da-cf20-4669-9aca-b59aa9cd585b","local_time":"20190427182450","is_ascension_mode":true,"campfire_choices":[{"data":"Dagger Throw","floor":6,"key":"SMITH"},{"data":"Finisher","floor":8,"key":"SMITH"},{"data":"Neutralize","floor":11,"key":"SMITH"},{"data":"Blade Dance","floor":15,"key":"SMITH"},{"data":"Crippling Poison","floor":23,"key":"SMITH"},{"data":"Survivor","floor":25,"key":"SMITH"},{"data":"Footwork","floor":32,"key":"SMITH"},{"data":"After Image","floor":40,"key":"SMITH"},{"data":"Infinite Blades","floor":42,"key":"SMITH"},{"data":"Well Laid Plans","floor":44,"key":"SMITH"},{"floor":49,"key":"RECALL"},{"data":"Well Laid Plans","floor":53,"key":"SMITH"}],"neow_cost":"NONE","seed_source_timestamp":15303845724573,"circlet_count":0,"master_deck":["AscendersBane","Defend_G","Defend_G","Defend_G","Defend_G","Survivor+1","Neutralize+1","Well Laid Plans+1","Dagger Throw+1","Finisher+1","Blade Dance+1","Well Laid Plans+1","After Image+1","Underhanded Strike+1","Skewer+1","Endless Agony+1","Crippling Poison+1","Bite","Bite","Bite","Bite","Bite","PiercingWail","Infinite Blades+1","Blur","PiercingWail","Dodge and Roll","Footwork+1","Blade Dance","Terror","Cloak And Dagger+1","Pain","Calculated Gamble","Escape Plan","Dodge and Roll"],"relics":["Ring of the Snake","Potion Belt","Matryoshka","Shuriken","MawBank","Sundial","Golden Idol","Astrolabe","MutagenicStrength","Bird Faced Urn","Blue Candle","Gremlin Horn","Bag of Preparation","Enchiridion","Ancient Tea Set","Sozu","WarpedTongs","Pear","Juzu Bracelet","TwistedFunnel","Bottled Tornado"],"potions_floor_usage":[14,14,47,50,51,56],"damage_taken":[{"damage":9,"enemies":"Jaw Worm","floor":1,"turns":9},{"damage":0,"enemies":"Small Slimes","floor":4,"turns":4},{"damage":0,"enemies":"2 Louse","floor":7,"turns":3},{"damage":46,"enemies":"Gremlin Nob","floor":10,"turns":5},{"damage":6,"enemies":"Gremlin Gang","floor":14,"turns":4},{"damage":0,"enemies":"Hexaghost","floor":16,"turns":9},{"damage":2,"enemies":"3 Byrds","floor":18,"turns":5},{"damage":1,"enemies":"Chosen","floor":20,"turns":3},{"damage":12,"enemies":"Gremlin Leader","floor":24,"turns":7},{"damage":25,"enemies":"Shelled Parasite and Fungi","floor":28,"turns":5},{"damage":0,"enemies":"3 Cultists","floor":31,"turns":4},{"damage":33,"enemies":"Automaton","floor":33,"turns":7},{"damage":5,"enemies":"3 Shapes","floor":35,"turns":6},{"damage":0,"enemies":"3 Darklings","floor":38,"turns":6},{"damage":14,"enemies":"Giant Head","floor":41,"turns":5},{"damage":1,"enemies":"Transient","floor":45,"turns":6},{"damage":19,"enemies":"Spire Growth","floor":46,"turns":5},{"damage":8,"enemies":"Reptomancer","floor":47,"turns":7},{"damage":5,"enemies":"Writhing Mass","floor":48,"turns":7},{"damage":63,"enemies":"Awakened One","floor":50,"turns":15},{"damage":24,"enemies":"Time Eater","floor":51,"turns":12},{"damage":44,"enemies":"Shield and Spear","floor":55,"turns":10},{"damage":47,"enemies":"The Heart","floor":56,"turns":3}],"seed_played":"4383041998669151817","potions_obtained":[{"floor":1,"key":"Regen Potion"},{"floor":10,"key":"Block Potion"},{"floor":16,"key":"Dexterity Potion"},{"floor":24,"key":"Weak Potion"},{"floor":28,"key":"SkillPotion"},{"floor":31,"key":"Fire Potion"}],"is_trial":false,"path_per_floor":["M","?","T","M","?","R","M","R","T","E","R","$","?","M","R","B",null,"M","?","M","?","?","R","E","R","T","$","M","?","$","M","R","B",null,"M","$","?","M","?","R","E","R","T","R","M","M","E","M","R","B","B",null,"R","$","E","B"],"character_chosen":"THE_SILENT","items_purchased":["Blade Dance","Bag of Preparation","Infinite Blades","Blur","Ancient Tea Set","Dodge and Roll","Terror","TwistedFunnel"],"campfire_rested":0,"item_purchase_floors":[12,27,27,27,30,30,36,54],"current_hp_per_floor":[50,50,50,50,50,50,50,50,50,4,4,4,4,10,10,10,48,46,42,41,41,41,41,42,42,42,42,27,6,6,26,26,19,36,42,42,40,40,40,40,37,37,37,37,50,38,50,50,50,26,39,47,47,47,23,0],"gold":57,"neow_bonus":"RANDOM_COMMON_RELIC","is_prod":false,"is_daily":false,"chose_seed":false,"campfire_upgraded":11,"win_rate":0,"timestamp":1556414690,"path_taken":["M","?","?","M","?","R","M","R","T","E","R","$","?","M","R","BOSS","M","?","M","?","?","R","E","R","T","$","?","?","?","M","R","BOSS","M","$","?","M","?","R","E","R","T","R","?","M","E","M","R","BOSS","BOSS","R","$","E","BOSS"],"build_version":"2019-04-23","purchased_purges":1,"victory":false,"max_hp_per_floor":[66,66,66,66,66,66,66,66,66,66,66,66,60,60,60,60,60,60,42,42,42,42,42,42,42,42,42,42,42,42,42,42,42,42,42,42,40,40,40,40,50,50,50,50,50,50,50,50,50,50,50,50,50,50,50,50],"card_choices":[{"not_picked":["Dagger Spray","Blade Dance"],"picked":"Well Laid Plans","floor":1},{"not_picked":["Cloak And Dagger","Backflip"],"picked":"Dagger Throw","floor":4},{"not_picked":["Underhanded Strike","Acrobatics"],"picked":"Finisher","floor":7},{"not_picked":["Accuracy","Eviscerate"],"picked":"Bouncing Flask","floor":10},{"not_picked":["Concentrate","Deadly Poison"],"picked":"Well Laid Plans","floor":14},{"not_picked":["Tools of the Trade","Unload"],"picked":"After Image","floor":16},{"not_picked":["Concentrate","Backflip"],"picked":"Crippling Poison","floor":18},{"not_picked":["Deadly Poison","Flying Knee","Catalyst"],"picked":"SKIP","floor":20},{"not_picked":["Skewer","Poisoned Stab"],"picked":"PiercingWail","floor":24},{"not_picked":["Dagger Throw","Setup"],"picked":"PiercingWail","floor":28},{"not_picked":["Deflect","Accuracy"],"picked":"Footwork","floor":31},{"not_picked":["Skewer","Blade Dance","Dagger Spray"],"picked":"SKIP","floor":35},{"not_picked":["Skewer","Dagger Spray"],"picked":"Blade Dance","floor":35},{"not_picked":["Poisoned Stab+1","Well Laid Plans"],"picked":"Cloak And Dagger+1","floor":38},{"not_picked":["Slice","Dagger Spray","Accuracy+1"],"picked":"SKIP","floor":41},{"not_picked":["Predator+1","Noxious Fumes"],"picked":"Calculated Gamble","floor":45},{"not_picked":["Prepared","Tactician","Blur"],"picked":"SKIP","floor":46},{"not_picked":["Quick Slash+1","All Out Attack","Venomology"],"picked":"SKIP","floor":47},{"not_picked":["All Out Attack","Crippling Poison"],"picked":"Escape Plan","floor":48},{"not_picked":["Crippling Poison","Poisoned Stab"],"picked":"Dodge and Roll","floor":55}],"player_experience":5906044,"relics_obtained":[{"floor":3,"key":"Matryoshka"},{"floor":9,"key":"Shuriken"},{"floor":9,"key":"MawBank"},{"floor":10,"key":"Sundial"},{"floor":24,"key":"Bird Faced Urn"},{"floor":26,"key":"Blue Candle"},{"floor":26,"key":"Gremlin Horn"},{"floor":29,"key":"Enchiridion"},{"floor":41,"key":"Pear"},{"floor":47,"key":"Juzu Bracelet"},{"floor":55,"key":"Bottled Tornado"}],"event_choices":[{"cards_removed":["Strike_G"],"damage_healed":0,"gold_gain":0,"player_choice":"Card Removal","damage_taken":0,"max_hp_gain":0,"max_hp_loss":0,"event_name":"The Cleric","floor":2,"gold_loss":75},{"damage_healed":0,"gold_gain":0,"player_choice":"Ignored","damage_taken":0,"max_hp_gain":0,"max_hp_loss":0,"event_name":"Liars Game","floor":5,"gold_loss":0},{"damage_healed":0,"gold_gain":0,"player_choice":"Lose Max HP","damage_taken":0,"relics_obtained":["Golden Idol"],"max_hp_gain":0,"max_hp_loss":6,"event_name":"Golden Idol","floor":13,"gold_loss":0},{"damage_healed":0,"gold_gain":0,"player_choice":"Became a vampire","damage_taken":0,"max_hp_gain":0,"max_hp_loss":18,"event_name":"Vampires","floor":19,"gold_loss":0,"cards_obtained":["Bite","Bite","Bite","Bite","Bite"]},{"damage_healed":0,"gold_gain":0,"player_choice":"Inject Mutagens","damage_taken":0,"relics_obtained":["MutagenicStrength"],"max_hp_gain":0,"max_hp_loss":0,"event_name":"Drug Dealer","floor":21,"gold_loss":0},{"damage_healed":0,"gold_gain":250,"player_choice":"Bet on Owner","damage_taken":0,"max_hp_gain":0,"max_hp_loss":0,"event_name":"The Joust","floor":22,"gold_loss":50},{"damage_healed":0,"gold_gain":0,"player_choice":"Obtained Book","damage_taken":21,"max_hp_gain":0,"max_hp_loss":0,"event_name":"Cursed Tome","floor":29,"gold_loss":0},{"damage_healed":0,"gold_gain":0,"player_choice":"Max HP","damage_taken":0,"max_hp_gain":0,"max_hp_loss":2,"event_name":"Winding Halls","floor":37,"gold_loss":0},{"damage_healed":0,"gold_gain":0,"player_choice":"Rummage","damage_taken":0,"relics_obtained":["WarpedTongs"],"max_hp_gain":0,"max_hp_loss":0,"event_name":"Accursed Blacksmith","floor":39,"gold_loss":0,"cards_obtained":["Pain"]}],"is_beta":true,"boss_relics":[{"not_picked":["Tiny House","Velvet Choker"],"picked":"Astrolabe"},{"not_picked":["Runic Dome","Snecko Eye"],"picked":"Sozu"}],"items_purged_floors":[12],"is_endless":false,"potions_floor_spawned":[1,10,16,24,28,31,38,45,48],"killed_by":"The Heart","ascension_level":20}