{"gold_per_floor":[109,119,119,135,145,145,145,145,145,178,178,103,103,120,120,195,195,208,178,26,26,26,26,61,61,61,96,150,150,50,60,60,136,136,154,171,171,121,136,136,153,165,165,126,157,175,222,232,232,232,232,232,232,59,85,85],"floor_reached":56,"playtime":3963,"items_purged":["Strike_G","Underhanded Strike"],"score":1955,"play_id":"3f0913dc-9bdd-4c7f-88b9-67bc6163e5bc","local_time":"20190503004508","is_ascension_mode":true,"campfire_choices":[{"data":"Skewer","floor":6,"key":"SMITH"},{"floor":8,"key":"REST"},{"data":"Deadly Poison","floor":11,"key":"SMITH"},{"data":"Neutralize","floor":13,"key":"SMITH"},{"data":"Strike_G","floor":15,"key":"SMITH"},{"data":"Crippling Poison","floor":23,"key":"SMITH"},{"data":"Well Laid Plans","floor":29,"key":"SMITH"},{"data":"Wraith Form v2","floor":32,"key":"SMITH"},{"data":"Catalyst","floor":40,"key":"SMITH"},{"floor":49,"key":"RECALL"},{"data":"Caltrops","floor":53,"key":"SMITH"}],"neow_cost":"NONE","seed_source_timestamp":224430628673734,"circlet_count":0,"master_deck":["AscendersBane","Survivor","Neutralize+1","Deadly Poison+1","Blur","PiercingWail","Backflip","PiercingWail","Envenom","Burst","Concentrate","Riddle With Holes","Heel Hook","Bouncing Flask","Escape Plan","Catalyst+1","Well Laid Plans+1","Crippling Poison+1","Ghostly+1","Ghostly","Ghostly","Backflip","PiercingWail","Wraith Form v2+1","Terror+1","Wraith Form v2+1","Corpse Explosion+1","Blade Dance+1","Malaise","Caltrops+1","Parasite","Cloak And Dagger+1","Prepared","Well Laid Plans","Noxious Fumes"],"relics":["Ring of the Snake","Pantograph","Mummified Hand","Pandora\u0027s Box","Kunai","Centennial Puzzle","Ornamental Fan","Bag of Preparation","Astrolabe","Tough Bandages","Unceasing Top","Bottled Lightning"],"potions_floor_usage":[16,27,56,56],"damage_taken":[{"damage":7,"enemies":"2 Louse","floor":1,"turns":3},{"damage":0,"enemies":"Cultist","floor":2,"turns":4},{"damage":0,"enemies":"Small Slimes","floor":4,"turns":5},{"damage":30,"enemies":"Exordium Thugs","floor":5,"turns":7},{"damage":33,"enemies":"Lagavulin","floor":10,"turns":7},{"damage":6,"enemies":"Gremlin Gang","floor":14,"turns":6},{"damage":0,"enemies":"The Guardian","floor":16,"turns":11},{"damage":5,"enemies":"Spheric Guardian","floor":18,"turns":3},{"damage":12,"enemies":"2 Thieves","floor":19,"turns":4},{"damage":1,"enemies":"Gremlin Leader","floor":24,"turns":5},{"damage":11,"enemies":"Book of Stabbing","floor":27,"turns":6},{"damage":3,"enemies":"3 Cultists","floor":31,"turns":5},{"damage":15,"enemies":"Automaton","floor":33,"turns":9},{"damage":0,"enemies":"3 Shapes","floor":35,"turns":3},{"damage":1,"enemies":"Orb Walker","floor":36,"turns":4},{"damage":1,"enemies":"Writhing Mass","floor":39,"turns":5},{"damage":1,"enemies":"3 Darklings","floor":41,"turns":5},{"damage":2,"enemies":"Spire Growth","floor":42,"turns":5},{"damage":2,"enemies":"Giant Head","floor":45,"turns":6},{"damage":3,"enemies":"Writhing Mass","floor":46,"turns":5},{"damage":5,"enemies":"2 Orb Walkers","floor":47,"turns":5},{"damage":0,"enemies":"Transient","floor":48,"turns":6},{"damage":11,"enemies":"Donu and Deca","floor":50,"turns":5},{"damage":4,"enemies":"Time Eater","floor":51,"turns":12},{"damage":6,"enemies":"Shield and Spear","floor":55,"turns":5},{"damage":38,"enemies":"The Heart","floor":56,"turns":3}],"seed_played":"4407406865940147943","potions_obtained":[{"floor":10,"key":"GamblersBrew"},{"floor":14,"key":"Block Potion"},{"floor":16,"key":"Swift Potion"},{"floor":31,"key":"SpeedPotion"},{"floor":36,"key":"Weak Potion"},{"floor":45,"key":"LiquidBronze"}],"is_trial":false,"path_per_floor":["M","M","?","M","M","R","?","R","T","E","R","$","R","M","R","B",null,"M","M","$","?","?","R","E","$","T","E","T","R","$","M","R","B",null,"M","M","?","?","M","R","M","M","T","$","E","M","?","M","R","B","B",null,"R","$","E","B"],"character_chosen":"THE_SILENT","items_purchased":["Well Laid Plans","Crippling Poison","Caltrops","Noxious Fumes","GamblersBrew"],"campfire_rested":1,"item_purchase_floors":[20,20,44,54,54],"current_hp_per_floor":[58,58,58,58,28,28,28,49,49,16,16,16,16,10,10,35,63,58,46,46,26,26,26,25,25,25,14,14,14,14,11,11,21,34,34,33,33,33,32,32,31,29,29,29,27,24,19,19,19,27,34,37,37,37,31,0],"gold":85,"neow_bonus":"TEN_PERCENT_HP_BONUS","is_prod":false,"is_daily":false,"chose_seed":false,"campfire_upgraded":9,"win_rate":0,"timestamp":1556869508,"path_taken":["M","M","?","?","M","R","?","R","T","E","R","$","R","?","R","BOSS","M","?","$","?","?","R","E","?","T","E","?","R","$","M","R","BOSS","M","M","?","?","M","R","M","M","T","$","E","?","?","M","R","BOSS","BOSS","R","$","E","BOSS"],"build_version":"2019-04-23","purchased_purges":2,"victory":false,"max_hp_per_floor":[72,72,72,72,72,72,72,72,72,72,72,72,72,72,72,72,72,72,72,72,77,38,38,38,38,38,38,38,38,38,38,38,38,38,38,38,38,38,38,38,38,38,38,38,38,38,38,38,38,38,38,38,38,38,38,38],"card_choices":[{"not_picked":["Underhanded Strike","Cloak And Dagger"],"picked":"Deadly Poison","floor":1},{"not_picked":["Dodge and Roll","Finisher"],"picked":"Blur","floor":2},{"not_picked":["Dodge and Roll","Acrobatics"],"picked":"PiercingWail","floor":4},{"not_picked":["Leg Sweep","PiercingWail"],"picked":"Skewer","floor":5},{"not_picked":["Blade Dance","Storm of Steel"],"picked":"Backflip","floor":10},{"not_picked":["Bane","Slice"],"picked":"PiercingWail","floor":14},{"not_picked":["Doppelganger","Unload"],"picked":"Envenom","floor":16},{"not_picked":["Poisoned Stab+1","Heel Hook"],"picked":"Escape Plan","floor":18},{"not_picked":["Slice","Backflip"],"picked":"Catalyst","floor":19},{"not_picked":["Skewer","Flying Knee"],"picked":"Backflip","floor":24},{"not_picked":["Distraction","Deflect"],"picked":"PiercingWail","floor":27},{"not_picked":["Quick Slash","Dodge and Roll"],"picked":"Wraith Form v2","floor":31},{"not_picked":["Choke","Outmaneuver"],"picked":"Blade Dance+1","floor":35},{"not_picked":["Poisoned Stab","Expertise","Dodge and Roll"],"picked":"SKIP","floor":36},{"not_picked":["Outmaneuver","Dagger Throw","Footwork"],"picked":"SKIP","floor":39},{"not_picked":["Acrobatics","Outmaneuver"],"picked":"Malaise","floor":41},{"not_picked":["Sucker Punch","Cloak And Dagger","Acrobatics"],"picked":"SKIP","floor":42},{"not_picked":["Reflex","Endless Agony","Bouncing Flask"],"picked":"SKIP","floor":45},{"not_picked":["Infinite Blades","Accuracy+1"],"picked":"Cloak And Dagger+1","floor":46},{"not_picked":["Sucker Punch","Dodge and Roll"],"picked":"Prepared","floor":47},{"not_picked":["Poisoned Stab","Prepared"],"picked":"Well Laid Plans","floor":48},{"not_picked":["Venomology","Bane","Backflip+1"],"picked":"SKIP","floor":55}],"player_experience":6079016,"relics_obtained":[{"floor":9,"key":"Pantograph"},{"floor":10,"key":"Mummified Hand"},{"floor":24,"key":"Kunai"},{"floor":26,"key":"Centennial Puzzle"},{"floor":27,"key":"Ornamental Fan"},{"floor":28,"key":"Bag of Preparation"},{"floor":45,"key":"Tough Bandages"},{"floor":47,"key":"Unceasing Top"},{"floor":55,"key":"Bottled Lightning"}],"event_choices":[{"cards_removed":["Strike_G"],"damage_healed":0,"gold_gain":0,"player_choice":"Offered Basic","damage_taken":0,"max_hp_gain":0,"max_hp_loss":0,"event_name":"Bonfire Elementals","floor":3,"gold_loss":0},{"damage_healed":0,"gold_gain":0,"cards_transformed":["Strike_G"],"player_choice":"Transformed","damage_taken":0,"max_hp_gain":0,"max_hp_loss":0,"event_name":"Transmorgrifier","floor":7,"gold_loss":0,"cards_obtained":["Underhanded Strike"]},{"damage_healed":0,"gold_gain":0,"player_choice":"Shed Blood","damage_taken":25,"max_hp_gain":5,"max_hp_loss":0,"event_name":"Forgotten Altar","floor":21,"gold_loss":0},{"damage_healed":0,"gold_gain":0,"player_choice":"Became a Ghost","damage_taken":0,"max_hp_gain":0,"max_hp_loss":39,"event_name":"Ghosts","floor":22,"gold_loss":0,"cards_obtained":["Ghostly","Ghostly","Ghostly"]},{"damage_healed":0,"gold_gain":0,"player_choice":"Ignored","damage_taken":0,"max_hp_gain":0,"max_hp_loss":0,"event_name":"Tomb of Lord Red Mask","floor":37,"gold_loss":0},{"damage_healed":0,"gold_gain":0,"player_choice":"Upgrade","damage_taken":0,"max_hp_gain":0,"max_hp_loss":0,"event_name":"Designer","floor":38,"gold_loss":50,"cards_upgraded":["Ghostly"]},{"damage_healed":0,"gold_gain":0,"player_choice":"Fight","damage_taken":0,"max_hp_gain":0,"max_hp_loss":0,"event_name":"Mysterious Sphere","floor":47,"gold_loss":0}],"is_beta":true,"boss_relics":[{"not_picked":["Coffee Dripper","Tiny House"],"picked":"Pandora\u0027s Box"},{"not_picked":["Ring of the Serpent","Calling Bell"],"picked":"Astrolabe"}],"items_purged_floors":[12,30],"is_endless":false,"potions_floor_spawned":[10,14,16,18,24,31,36,41,45],"killed_by":"The Heart","ascension_level":20}