{"gold_per_floor":[117,127,138,148,148,148,166,166,166,166],"floor_reached":10,"playtime":411,"items_purged":[],"score":120,"play_id":"2200845b-0b8b-4305-ad79-14f9d86bd117","local_time":"20190501013327","is_ascension_mode":true,"campfire_choices":[{"data":"Crippling Poison","floor":6,"key":"SMITH"},{"floor":8,"key":"REST"}],"neow_cost":"TEN_PERCENT_HP_LOSS","seed_source_timestamp":58079287437587,"circlet_count":0,"master_deck":["AscendersBane","Defend_G","Defend_G","Defend_G","Defend_G","Defend_G","Strike_G","Strike_G","Strike_G","Survivor","Neutralize","Crippling Poison+1","Deadly Poison","Well Laid Plans","Bane"],"relics":["Ring of the Snake","Pen Nib"],"potions_floor_usage":[7,10],"damage_taken":[{"damage":0,"enemies":"Small Slimes","floor":1,"turns":4},{"damage":5,"enemies":"2 Louse","floor":2,"turns":4},{"damage":4,"enemies":"Cultist","floor":3,"turns":4},{"damage":0,"enemies":"2 Fungi Beasts","floor":4,"turns":5},{"damage":32,"enemies":"Gremlin Gang","floor":7,"turns":4},{"damage":43,"enemies":"Gremlin Nob","floor":10,"turns":4}],"seed_played":"-2999708997741660099","potions_obtained":[{"floor":1,"key":"EssenceOfSteel"},{"floor":7,"key":"PowerPotion"}],"is_trial":false,"path_per_floor":["M","M","M","M","?","R","M","R","T","E"],"character_chosen":"THE_SILENT","items_purchased":[],"campfire_rested":1,"item_purchase_floors":[],"current_hp_per_floor":[59,54,50,50,55,55,23,42,42,0],"gold":166,"neow_bonus":"REMOVE_TWO","is_prod":false,"is_daily":false,"chose_seed":false,"campfire_upgraded":1,"win_rate":0,"timestamp":1556699607,"path_taken":["M","M","M","M","?","R","M","R","T","E"],"build_version":"2019-04-23","purchased_purges":0,"victory":false,"max_hp_per_floor":[60,60,60,60,65,65,65,65,65,65],"card_choices":[{"not_picked":["Infinite Blades","Deflect"],"picked":"Crippling Poison","floor":1},{"not_picked":["Underhanded Strike","Prepared"],"picked":"Deadly Poison","floor":2},{"not_picked":["Slice","Prepared"],"picked":"Well Laid Plans","floor":3},{"not_picked":["Bouncing Flask","Bane","Blade Dance"],"picked":"SKIP","floor":4},{"not_picked":["Outmaneuver","Acrobatics"],"picked":"Bane","floor":7}],"player_experience":6013725,"relics_obtained":[{"floor":9,"key":"Pen Nib"}],"event_choices":[{"damage_healed":0,"gold_gain":0,"player_choice":"Donut","damage_taken":0,"max_hp_gain":5,"max_hp_loss":0,"event_name":"Big Fish","floor":5,"gold_loss":0}],"is_beta":true,"boss_relics":[],"items_purged_floors":[],"is_endless":false,"potions_floor_spawned":[1,7],"killed_by":"Gremlin Nob","ascension_level":20}