{"gold_per_floor":[114,124,124,134,134,134,167,167,167,195,160,186,203,27,27,27],"floor_reached":16,"playtime":905,"items_purged":[],"score":216,"play_id":"973a0d55-d6f4-4602-83ee-08a50472b3f3","local_time":"20190501003724","is_ascension_mode":true,"campfire_choices":[{"floor":6,"key":"REST"},{"floor":8,"key":"REST"},{"floor":15,"key":"REST"}],"neow_cost":"NONE","seed_source_timestamp":54223880592738,"circlet_count":0,"master_deck":["AscendersBane","Defend_G","Defend_G","Defend_G","Defend_G","Defend_G+1","Strike_G+1","Strike_G","Strike_G","Strike_G","Strike_G","Survivor","Neutralize+1","Dash","Backflip","Skewer","Dagger Throw","Die Die Die","Acrobatics","Calculated Gamble","Noxious Fumes"],"relics":["Ring of the Snake","Tough Bandages","Mummified Hand","Odd Mushroom","Potion Belt"],"potions_floor_usage":[7,12],"damage_taken":[{"damage":0,"enemies":"Jaw Worm","floor":1,"turns":9},{"damage":0,"enemies":"Cultist","floor":2,"turns":5},{"damage":0,"enemies":"2 Louse","floor":4,"turns":3},{"damage":35,"enemies":"3 Sentries","floor":7,"turns":17},{"damage":23,"enemies":"The Mushroom Lair","floor":10,"turns":6},{"damage":15,"enemies":"Lagavulin","floor":12,"turns":9},{"damage":0,"enemies":"2 Fungi Beasts","floor":13,"turns":4},{"damage":30,"enemies":"Slime Boss","floor":16,"turns":3}],"seed_played":"887280670221664078","potions_obtained":[{"floor":1,"key":"Swift Potion"},{"floor":4,"key":"Ancient Potion"},{"floor":13,"key":"Energy Potion"}],"is_trial":false,"path_per_floor":["M","M","?","M","?","R","E","R","T","?","?","E","M","$","R","B"],"character_chosen":"THE_SILENT","items_purchased":["Calculated Gamble","Noxious Fumes"],"campfire_rested":3,"item_purchase_floors":[14,14],"current_hp_per_floor":[59,59,50,50,30,49,14,33,33,10,26,11,11,11,30,0],"gold":27,"neow_bonus":"UPGRADE_CARD","is_prod":false,"is_daily":false,"chose_seed":false,"campfire_upgraded":0,"win_rate":0,"timestamp":1556696244,"path_taken":["M","M","?","?","?","R","E","R","T","?","?","E","?","$","R","BOSS"],"build_version":"2019-04-23","purchased_purges":0,"victory":false,"max_hp_per_floor":[66,66,66,66,66,66,66,66,66,66,66,66,66,66,66,66],"card_choices":[{"not_picked":["Prepared","Distraction"],"picked":"Dash","floor":1},{"not_picked":["Blade Dance","Backflip","Cloak And Dagger"],"picked":"SKIP","floor":2},{"not_picked":["Flechettes","Riddle With Holes"],"picked":"Backflip","floor":4},{"not_picked":["Quick Slash","PiercingWail"],"picked":"Skewer","floor":7},{"not_picked":["Quick Slash","Dodge and Roll"],"picked":"Dagger Throw","floor":10},{"not_picked":["Outmaneuver","Dagger Spray"],"picked":"Die Die Die","floor":12},{"not_picked":["Slice","Prepared"],"picked":"Acrobatics","floor":13}],"player_experience":6009910,"relics_obtained":[{"floor":7,"key":"Tough Bandages"},{"floor":9,"key":"Mummified Hand"},{"floor":10,"key":"Odd Mushroom"},{"floor":12,"key":"Potion Belt"}],"event_choices":[{"damage_healed":0,"gold_gain":0,"player_choice":"Damaged","damage_taken":9,"max_hp_gain":0,"max_hp_loss":0,"event_name":"Wheel of Change","floor":3,"gold_loss":0},{"damage_healed":0,"gold_gain":0,"player_choice":"Entered Light","damage_taken":20,"max_hp_gain":0,"max_hp_loss":0,"event_name":"Shining Light","floor":5,"gold_loss":0,"cards_upgraded":["Defend_G","Strike_G"]},{"damage_healed":0,"gold_gain":0,"player_choice":"Fought Mushrooms","damage_taken":0,"max_hp_gain":0,"max_hp_loss":0,"event_name":"Mushrooms","floor":10,"gold_loss":0},{"damage_healed":16,"gold_gain":0,"player_choice":"Healed","damage_taken":0,"max_hp_gain":0,"max_hp_loss":0,"event_name":"The Cleric","floor":11,"gold_loss":35}],"is_beta":true,"boss_relics":[],"items_purged_floors":[],"is_endless":false,"potions_floor_spawned":[1,4,13],"killed_by":"Slime Boss","ascension_level":20}