{"gold_per_floor":[113,9,27,27,77,77,108,125,125,152,152,187,187,197,197,275,275,289,289,309,327,68,94,94,128,128,144,144,19,119,119,119,197,197,214,214,231,1230,1250,1250,1282,1294,1294,479,504,12,12,22,22,22,22,22,22,1,36,36],"floor_reached":57,"playtime":4109,"items_purged":["Strike_B","Strike_B","Normality","Normality"],"score":2732,"play_id":"55c8ed94-99e0-45c5-9f97-c81e1a31a26f","local_time":"20190428185453","is_ascension_mode":true,"campfire_choices":[{"data":"Defragment","floor":6,"key":"SMITH"},{"data":"Static Discharge","floor":13,"key":"SMITH"},{"data":"Zap","floor":15,"key":"SMITH"},{"data":"Biased Cognition","floor":24,"key":"SMITH"},{"floor":28,"key":"REST"},{"floor":32,"key":"REST"},{"data":"Coolheaded","floor":40,"key":"SMITH"},{"floor":49,"key":"RECALL"},{"data":"Loop","floor":53,"key":"SMITH"}],"neow_cost":"NONE","seed_source_timestamp":104030152045876,"circlet_count":0,"master_deck":["AscendersBane","Defend_B","Defend_B","Defend_B","Defend_B","Zap+1","Dualcast","Defragment+1","Cold Snap","Coolheaded+1","Hologram","Static Discharge+1","BootSequence+1","Electrodynamics","Steam+1","Biased Cognition+1","Coolheaded+1","Loop+1","Coolheaded+1","Coolheaded+1","Conserve Battery+1","Creative AI","Storm","Reboot+1","Capacitor","Skim+1","Recycle+1","Dark Shackles+1","Panacea+1","Secret Technique+1","Undo+1","Turbo+1"],"relics":["Cracked Core","DataDisk","Gremlin Horn","Regal Pillow","Toxic Egg 2","Dodecahedron","Bag of Marbles","Empty Cage","Bottled Tornado","Boot","Turnip","The Courier","Cursed Key","Meat on the Bone","Medical Kit","Pantograph","Juzu Bracelet","Pear","Art of War"],"potions_floor_usage":[7,20,23,30,41,45,45,55,56],"damage_taken":[{"damage":0,"enemies":"Cultist","floor":1,"turns":4},{"damage":5,"enemies":"Jaw Worm","floor":3,"turns":4},{"damage":6,"enemies":"3 Sentries","floor":7,"turns":9},{"damage":3,"enemies":"2 Louse","floor":8,"turns":2},{"damage":9,"enemies":"Lagavulin","floor":10,"turns":8},{"damage":14,"enemies":"3 Sentries","floor":12,"turns":6},{"damage":4,"enemies":"Exordium Thugs","floor":14,"turns":3},{"damage":19,"enemies":"Hexaghost","floor":16,"turns":7},{"damage":19,"enemies":"Spheric Guardian","floor":18,"turns":3},{"damage":6,"enemies":"Shell Parasite","floor":20,"turns":3},{"damage":8,"enemies":"Cultist and Chosen","floor":21,"turns":4},{"damage":0,"enemies":"Gremlin Leader","floor":23,"turns":6},{"damage":9,"enemies":"Slavers","floor":25,"turns":3},{"damage":7,"enemies":"Snecko","floor":27,"turns":6},{"damage":7,"enemies":"Colosseum Slavers","floor":30,"turns":4},{"damage":18,"enemies":"Colosseum Nobs","floor":30,"turns":4},{"damage":46,"enemies":"Collector","floor":33,"turns":7},{"damage":0,"enemies":"3 Shapes","floor":35,"turns":3},{"damage":4,"enemies":"Orb Walker","floor":37,"turns":3},{"damage":6,"enemies":"3 Darklings","floor":39,"turns":3},{"damage":35,"enemies":"Nemesis","floor":41,"turns":9},{"damage":3,"enemies":"Maw","floor":42,"turns":7},{"damage":14,"enemies":"Giant Head","floor":45,"turns":8},{"damage":3,"enemies":"Writhing Mass","floor":48,"turns":5},{"damage":19,"enemies":"Donu and Deca","floor":50,"turns":8},{"damage":17,"enemies":"Time Eater","floor":51,"turns":21},{"damage":64,"enemies":"Shield and Spear","floor":55,"turns":5},{"damage":35,"enemies":"The Heart","floor":56,"turns":10}],"seed_played":"6641452263527954879","potions_obtained":[{"floor":3,"key":"SkillPotion"},{"floor":8,"key":"EssenceOfSteel"},{"floor":14,"key":"Block Potion"},{"floor":18,"key":"Regen Potion"},{"floor":20,"key":"Weak Potion"},{"floor":37,"key":"Weak Potion"},{"floor":41,"key":"LiquidBronze"},{"floor":48,"key":"FocusPotion"}],"is_trial":false,"path_per_floor":["M","$","M","?","?","R","E","M","T","E","?","E","R","M","R","B",null,"M","?","M","M","$","E","R","E","T","M","R","$","?","?","R","B",null,"M","?","M","?","M","R","E","M","T","$","E","$","?","M","R","B","B",null,"R","$","E","B",null],"character_chosen":"DEFECT","items_purchased":["Cold Snap","Strength Potion","Biased Cognition","Coolheaded+1","Coolheaded+1","Medical Kit","Pantograph","Capacitor","Skim+1","Regen Potion","Recycle+1","GamblersBrew","Ancient Potion","Dark Shackles+1","Panacea+1","Secret Technique+1","Turbo+1"],"campfire_rested":2,"item_purchase_floors":[2,2,22,22,29,44,44,44,44,44,44,44,46,46,46,46,54],"current_hp_per_floor":[64,64,59,64,64,64,58,55,55,46,46,32,32,28,28,9,59,40,40,46,38,38,38,38,29,29,22,59,59,34,34,71,25,63,63,63,59,59,53,53,18,27,27,27,40,40,50,47,47,53,61,77,77,77,25,27],"gold":36,"neow_bonus":"RANDOM_COMMON_RELIC","is_prod":false,"is_daily":false,"chose_seed":false,"campfire_upgraded":6,"win_rate":0,"timestamp":1556502893,"path_taken":["M","?","M","?","?","R","E","?","T","E","?","E","R","M","R","BOSS","M","?","M","M","$","E","R","E","T","M","R","$","?","?","R","BOSS","M","?","M","?","M","R","E","M","T","$","E","$","?","M","R","BOSS","BOSS","R","$","E","BOSS"],"build_version":"2019-04-23","purchased_purges":4,"victory":true,"max_hp_per_floor":[71,71,71,76,76,76,76,76,76,76,76,76,76,76,76,76,76,76,76,76,76,76,76,76,76,76,76,76,76,76,76,76,76,76,76,72,72,72,72,72,72,72,72,72,72,72,82,82,82,82,82,82,82,82,82,82],"card_choices":[{"not_picked":["Ball Lightning","Blizzard"],"picked":"Defragment","floor":1},{"not_picked":["Heatsinks","Turbo"],"picked":"Coolheaded","floor":3},{"not_picked":["Barrage","Rebound"],"picked":"Hologram","floor":7},{"not_picked":["Hello World","Cold Snap"],"picked":"Static Discharge","floor":8},{"not_picked":["Redo","Stack","Meteor Strike"],"picked":"SKIP","floor":10},{"not_picked":["Aggregate+1","Go for the Eyes"],"picked":"BootSequence+1","floor":12},{"not_picked":["BootSequence+1","Sweeping Beam","Force Field+1"],"picked":"SKIP","floor":14},{"not_picked":["Core Surge","Creative AI"],"picked":"Electrodynamics","floor":16},{"not_picked":["Beam Cell","Melter"],"picked":"Steam+1","floor":18},{"not_picked":["Barrage","Compile Driver"],"picked":"Doom and Gloom+1","floor":20},{"not_picked":["Cold Snap","Lockon+1","Sweeping Beam"],"picked":"SKIP","floor":21},{"not_picked":["Amplify+1","Ball Lightning","Beam Cell"],"picked":"SKIP","floor":23},{"not_picked":["Skim+1","Turbo+1"],"picked":"Loop","floor":25},{"not_picked":["Hologram+1","Auto Shields+1"],"picked":"Coolheaded+1","floor":27},{"not_picked":["Electrodynamics","Reboot+1"],"picked":"Creative AI","floor":33},{"not_picked":["Leap+1","Heatsinks","Conserve Battery+1"],"picked":"SKIP","floor":35},{"not_picked":["Consume+1","Scrape+1","Redo+1"],"picked":"SKIP","floor":37},{"not_picked":["Gash","Conserve Battery+1"],"picked":"Storm","floor":39},{"not_picked":["Turbo+1","Go for the Eyes"],"picked":"Reboot+1","floor":41},{"not_picked":["Blizzard","BootSequence+1","Redo+1"],"picked":"SKIP","floor":42},{"not_picked":["Turbo+1","Beam Cell","Leap+1"],"picked":"SKIP","floor":45},{"not_picked":["Auto Shields+1","Redo+1"],"picked":"Undo+1","floor":48},{"not_picked":["Sweeping Beam","Rainbow+1","Auto Shields+1"],"picked":"SKIP","floor":55}],"player_experience":5935533,"relics_obtained":[{"floor":7,"key":"Gremlin Horn"},{"floor":9,"key":"Regal Pillow"},{"floor":10,"key":"Toxic Egg 2"},{"floor":12,"key":"Bag of Marbles"},{"floor":23,"key":"Bottled Tornado"},{"floor":25,"key":"Boot"},{"floor":30,"key":"Turnip"},{"floor":30,"key":"The Courier"},{"floor":41,"key":"Meat on the Bone"},{"floor":45,"key":"Juzu Bracelet"},{"floor":55,"key":"Art of War"}],"event_choices":[{"damage_healed":0,"gold_gain":0,"player_choice":"Donut","damage_taken":0,"max_hp_gain":5,"max_hp_loss":0,"event_name":"Big Fish","floor":4,"gold_loss":0},{"damage_healed":0,"gold_gain":50,"player_choice":"Pray","damage_taken":0,"max_hp_gain":0,"max_hp_loss":0,"event_name":"Golden Shrine","floor":5,"gold_loss":0},{"damage_healed":0,"gold_gain":0,"player_choice":"Searched \u00271\u0027 times","damage_taken":0,"relics_obtained":["Dodecahedron"],"max_hp_gain":0,"max_hp_loss":0,"event_name":"Dead Adventurer","floor":11,"gold_loss":0},{"damage_healed":0,"gold_gain":0,"player_choice":"Ignored","damage_taken":0,"max_hp_gain":0,"max_hp_loss":0,"event_name":"The Mausoleum","floor":19,"gold_loss":0},{"damage_healed":0,"gold_gain":0,"player_choice":"Fight","damage_taken":0,"max_hp_gain":0,"max_hp_loss":0,"event_name":"Colosseum","floor":30,"gold_loss":0},{"damage_healed":0,"gold_gain":0,"player_choice":"Fought Nobs","damage_taken":0,"max_hp_gain":0,"max_hp_loss":0,"event_name":"Colosseum","floor":30,"gold_loss":0},{"damage_healed":0,"gold_gain":0,"player_choice":"1 cards matched","damage_taken":0,"max_hp_gain":0,"max_hp_loss":0,"event_name":"Match and Keep!","floor":31,"gold_loss":0,"cards_obtained":["Conserve Battery"]},{"damage_healed":0,"gold_gain":0,"player_choice":"Max HP","damage_taken":0,"max_hp_gain":0,"max_hp_loss":4,"event_name":"Winding Halls","floor":36,"gold_loss":0},{"damage_healed":0,"gold_gain":999,"player_choice":"Gold","damage_taken":0,"max_hp_gain":0,"max_hp_loss":0,"event_name":"MindBloom","floor":38,"gold_loss":0,"cards_obtained":["Normality","Normality"]},{"cards_removed":["Doom and Gloom"],"damage_healed":0,"gold_gain":0,"player_choice":"Gave Card","damage_taken":0,"relics_obtained":["Pear"],"max_hp_gain":0,"max_hp_loss":0,"event_name":"WeMeetAgain","floor":47,"gold_loss":0}],"is_beta":true,"boss_relics":[{"not_picked":["Orrery","Runic Dome"],"picked":"Empty Cage"},{"not_picked":["Coffee Dripper","Calling Bell"],"picked":"Cursed Key"}],"items_purged_floors":[22,29,44,46],"is_endless":false,"potions_floor_spawned":[3,8,12,14,18,20,30,37,41,48],"ascension_level":20}