{"gold_per_floor":[117,192,209,134,134,134,134,159,182,199,199,212,239,183,183,254,254,272,11,26,46,60,60,93,93,93,93,13,33,62,62,62,140,140,160,210,210,17,17,17,17,27,52,52,77,91,102,115,115,115,115,115,115,30,58,58],"floor_reached":57,"playtime":3635,"items_purged":["Strike_R","Strike_R","Anger+1"],"score":2856,"play_id":"1a273484-7e37-4de8-9476-a74e62abe256","local_time":"20190425171556","is_ascension_mode":true,"campfire_choices":[{"data":"Bash","floor":6,"key":"SMITH"},{"data":"Iron Wave","floor":11,"key":"SMITH"},{"data":"Disarm","floor":15,"key":"SMITH"},{"floor":23,"key":"REST"},{"data":"Immolate","floor":25,"key":"SMITH"},{"data":"Limit Break","floor":27,"key":"SMITH"},{"floor":32,"key":"DIG"},{"floor":41,"key":"REST"},{"floor":44,"key":"DIG"},{"floor":49,"key":"RECALL"},{"floor":53,"key":"REST"}],"neow_cost":"NONE","seed_source_timestamp":274497280930519,"circlet_count":0,"master_deck":["AscendersBane","Defend_R","Defend_R","Defend_R","Defend_R","Bash+1","Anger+1","Inflame","Impervious","Iron Wave+1","Disarm+1","Feed","Limit Break+1","Corruption","Flame Barrier+1","Immolate+1","Shrug It Off","Headbutt","Pommel Strike","Offering","Dropkick","Corruption","Offering+1","True Grit+1","Spot Weakness","Inflame+1","Feel No Pain","Blood for Blood"],"relics":["Burning Blood","Centennial Puzzle","Potion Belt","Smiling Mask","Anchor","Empty Cage","Red Skull","Shovel","Sundial","Matryoshka","Mark of Pain","Dead Branch","Orichalcum","Lantern","Pen Nib","War Paint","Dodecahedron"],"potions_floor_usage":[8,13,24,24,24,30,30,33,36,47,56,56,56,56],"damage_taken":[{"damage":6,"enemies":"Jaw Worm","floor":1,"turns":5},{"damage":2,"enemies":"2 Louse","floor":3,"turns":3},{"damage":8,"enemies":"Gremlin Nob","floor":8,"turns":3},{"damage":7,"enemies":"Small Slimes","floor":10,"turns":3},{"damage":0,"enemies":"Looter","floor":12,"turns":3},{"damage":26,"enemies":"3 Sentries","floor":13,"turns":7},{"damage":23,"enemies":"The Guardian","floor":16,"turns":15},{"damage":39,"enemies":"Spheric Guardian","floor":18,"turns":6},{"damage":9,"enemies":"3 Byrds","floor":20,"turns":6},{"damage":14,"enemies":"Shelled Parasite and Fungi","floor":21,"turns":4},{"damage":30,"enemies":"Cultist and Chosen","floor":22,"turns":8},{"damage":9,"enemies":"Gremlin Leader","floor":24,"turns":4},{"damage":0,"enemies":"3 Cultists","floor":29,"turns":4},{"damage":8,"enemies":"Slavers","floor":30,"turns":3},{"damage":4,"enemies":"Automaton","floor":33,"turns":6},{"damage":44,"enemies":"3 Darklings","floor":35,"turns":8},{"damage":39,"enemies":"2 Orb Walkers","floor":36,"turns":4},{"damage":6,"enemies":"3 Shapes","floor":42,"turns":4},{"damage":14,"enemies":"Reptomancer","floor":45,"turns":2},{"damage":11,"enemies":"Writhing Mass","floor":46,"turns":6},{"damage":0,"enemies":"4 Shapes","floor":47,"turns":4},{"damage":6,"enemies":"Sphere and 2 Shapes","floor":48,"turns":5},{"damage":23,"enemies":"Awakened One","floor":50,"turns":9},{"damage":12,"enemies":"Donu and Deca","floor":51,"turns":3},{"damage":12,"enemies":"Shield and Spear","floor":55,"turns":3},{"damage":45,"enemies":"The Heart","floor":56,"turns":7}],"seed_played":"-5875612389870182168","potions_obtained":[{"floor":1,"key":"Poison Potion"},{"floor":10,"key":"Explosive Potion"},{"floor":13,"key":"FearPotion"},{"floor":18,"key":"SkillPotion"},{"floor":20,"key":"Strength Potion"},{"floor":24,"key":"Weak Potion"},{"floor":29,"key":"Energy Potion"},{"floor":33,"key":"Fire Potion"},{"floor":36,"key":"EssenceOfSteel"},{"floor":46,"key":"AttackPotion"},{"floor":48,"key":"FearPotion"}],"is_trial":false,"path_per_floor":["M","?","M","$","?","R","?","E","T","M","R","M","E","?","R","B",null,"M","$","M","M","M","R","E","R","T","R","$","M","E","?","R","B",null,"M","?","?","$","?","$","R","M","T","R","E","M","M","M","R","B","B",null,"R","$","E","B",null],"character_chosen":"IRONCLAD","items_purchased":["Red Skull","Explosive Potion","Shrug It Off","Explosive Potion","Corruption","Dexterity Potion","Feel No Pain"],"campfire_rested":3,"item_purchase_floors":[19,19,28,28,38,38,54],"current_hp_per_floor":[68,57,61,61,66,66,66,64,64,63,63,69,49,49,49,35,71,38,38,38,33,12,39,39,39,39,39,39,48,49,49,49,51,89,54,21,21,21,21,21,50,53,53,53,48,46,58,61,61,47,44,103,123,123,120,81],"gold":58,"neow_bonus":"REMOVE_CARD","is_prod":false,"is_daily":false,"chose_seed":false,"campfire_upgraded":5,"win_rate":0,"timestamp":1556237756,"path_taken":["M","?","M","$","?","R","?","E","T","M","R","M","E","?","R","BOSS","M","?","M","M","?","R","E","R","T","R","$","M","E","?","R","BOSS","M","?","?","$","?","$","R","M","T","R","E","M","?","M","R","BOSS","BOSS","R","$","E","BOSS"],"build_version":"2019-04-23","purchased_purges":3,"victory":true,"max_hp_per_floor":[75,75,75,75,80,80,80,80,80,80,80,80,80,80,80,83,83,83,83,86,89,92,92,95,95,95,95,95,98,101,101,101,101,101,104,104,99,99,99,99,99,102,102,102,105,108,114,117,117,120,123,123,123,123,126,126],"card_choices":[{"not_picked":["Pummel","Perfected Strike"],"picked":"Anger","floor":1},{"not_picked":["Sword Boomerang","Flex"],"picked":"Inflame","floor":3},{"not_picked":["Hemokinesis","Heavy Blade"],"picked":"Impervious","floor":8},{"not_picked":["Infernal Blade","Searing Blow"],"picked":"Iron Wave","floor":10},{"not_picked":["Iron Wave","Evolve"],"picked":"Disarm","floor":12},{"not_picked":["Hemokinesis","Armaments"],"picked":"Feed","floor":13},{"not_picked":["Dark Embrace","Immolate"],"picked":"Limit Break","floor":16},{"not_picked":["Clash","Rupture","Infernal Blade"],"picked":"SKIP","floor":18},{"not_picked":["Pommel Strike","Flex"],"picked":"Corruption","floor":20},{"not_picked":["Headbutt+1","Pommel Strike"],"picked":"Flame Barrier","floor":21},{"not_picked":["Corruption","True Grit"],"picked":"Anger+1","floor":22},{"not_picked":["Blood for Blood","Perfected Strike"],"picked":"Immolate","floor":24},{"not_picked":["Perfected Strike","Wild Strike"],"picked":"Headbutt","floor":29},{"not_picked":["Iron Wave","Body Slam"],"picked":"Pommel Strike","floor":30},{"not_picked":["Berserk","Juggernaut"],"picked":"Offering","floor":33},{"not_picked":["Corruption","Heavy Blade"],"picked":"Dropkick","floor":35},{"not_picked":["Pummel","Twin Strike"],"picked":"True Grit+1","floor":42},{"not_picked":["Combust","Entrench"],"picked":"Spot Weakness","floor":45},{"not_picked":["Warcry","Sword Boomerang"],"picked":"Inflame+1","floor":46},{"not_picked":["Anger","Clash","Infernal Blade"],"picked":"SKIP","floor":47},{"not_picked":["Havoc","Twin Strike","Heavy Blade"],"picked":"SKIP","floor":48},{"not_picked":["Perfected Strike","Dark Embrace"],"picked":"Blood for Blood","floor":55}],"player_experience":5852359,"relics_obtained":[{"floor":8,"key":"Centennial Puzzle"},{"floor":9,"key":"Potion Belt"},{"floor":13,"key":"Smiling Mask"},{"floor":24,"key":"Shovel"},{"floor":30,"key":"Sundial"},{"floor":32,"key":"Matryoshka"},{"floor":36,"key":"Dead Branch"},{"floor":43,"key":"Orichalcum"},{"floor":43,"key":"Lantern"},{"floor":44,"key":"Pen Nib"},{"floor":45,"key":"War Paint"},{"floor":55,"key":"Dodecahedron"}],"event_choices":[{"damage_healed":0,"gold_gain":75,"player_choice":"Gather Gold","damage_taken":11,"max_hp_gain":0,"max_hp_loss":0,"event_name":"World of Goop","floor":2,"gold_loss":0},{"damage_healed":0,"gold_gain":0,"player_choice":"Donut","damage_taken":0,"max_hp_gain":5,"max_hp_loss":0,"event_name":"Big Fish","floor":5,"gold_loss":0},{"damage_healed":0,"gold_gain":0,"player_choice":"Grow","damage_taken":0,"max_hp_gain":0,"max_hp_loss":0,"event_name":"Living Wall","floor":7,"gold_loss":0,"cards_upgraded":["Anger"]},{"damage_healed":0,"gold_gain":0,"player_choice":"Paid Gold","damage_taken":0,"relics_obtained":["Anchor"],"max_hp_gain":0,"max_hp_loss":0,"event_name":"WeMeetAgain","floor":14,"gold_loss":56},{"damage_healed":0,"gold_gain":0,"player_choice":"Fight","damage_taken":0,"max_hp_gain":0,"max_hp_loss":0,"event_name":"Mysterious Sphere","floor":36,"gold_loss":0},{"damage_healed":0,"gold_gain":0,"player_choice":"Max HP","damage_taken":0,"max_hp_gain":0,"max_hp_loss":5,"event_name":"Winding Halls","floor":37,"gold_loss":0},{"damage_healed":0,"gold_gain":0,"player_choice":"Copied","damage_taken":0,"max_hp_gain":0,"max_hp_loss":0,"event_name":"Duplicator","floor":39,"gold_loss":0,"cards_obtained":["Offering"]}],"is_beta":true,"boss_relics":[{"not_picked":["Orrery","Coffee Dripper"],"picked":"Empty Cage"},{"not_picked":["Calling Bell","Astrolabe"],"picked":"Mark of Pain"}],"items_purged_floors":[4,19,38],"is_endless":false,"potions_floor_spawned":[1,10,13,18,20,24,29,33,36,46,48],"ascension_level":20}