{"gold_per_floor":[109,109,109,129,145,176,176,176],"floor_reached":8,"playtime":279,"items_purged":[],"score":112,"play_id":"7b385518-c64d-4ad0-a7ca-1f4a70dcf90f","local_time":"20190423143813","is_ascension_mode":true,"campfire_choices":[{"floor":7,"key":"REST"}],"neow_cost":"NONE","seed_source_timestamp":95657297119962,"circlet_count":0,"master_deck":["AscendersBane","Strike_B","Strike_B","Strike_B","Defend_B","Defend_B","Defend_B","Defend_B","Zap","Dualcast","Compile Driver","Ball Lightning","Leap","Darkness"],"relics":["Cracked Core","Golden Idol","Juzu Bracelet"],"potions_floor_usage":[],"damage_taken":[{"damage":0,"enemies":"2 Louse","floor":1,"turns":3},{"damage":4,"enemies":"Small Slimes","floor":4,"turns":4},{"damage":7,"enemies":"Jaw Worm","floor":5,"turns":2},{"damage":45,"enemies":"3 Sentries","floor":6,"turns":10},{"damage":48,"enemies":"Lagavulin Event","floor":8,"turns":5}],"seed_played":"-4967809424880234787","potions_obtained":[],"is_trial":false,"path_per_floor":["M","?","?","M","M","E","R","?"],"character_chosen":"DEFECT","items_purchased":[],"campfire_rested":1,"item_purchase_floors":[],"current_hp_per_floor":[71,64,64,60,53,8,29,0],"gold":176,"neow_bonus":"TEN_PERCENT_HP_BONUS","is_prod":false,"is_daily":false,"chose_seed":false,"campfire_upgraded":0,"win_rate":0,"timestamp":1556055493,"path_taken":["M","?","?","M","M","E","R","?"],"build_version":"2019-04-21","purchased_purges":0,"victory":false,"max_hp_per_floor":[78,78,71,71,71,71,71,71],"card_choices":[{"not_picked":["Barrage","Stack"],"picked":"Compile Driver","floor":1},{"not_picked":["Steam Power","Go for the Eyes"],"picked":"Ball Lightning","floor":4},{"not_picked":["Reprogram","Beam Cell"],"picked":"Leap","floor":5},{"not_picked":["Go for the Eyes","Turbo"],"picked":"Darkness","floor":6}],"player_experience":5795881,"relics_obtained":[{"floor":6,"key":"Juzu Bracelet"}],"event_choices":[{"cards_removed":["Strike_B"],"damage_healed":0,"gold_gain":0,"player_choice":"Card Removal","damage_taken":7,"max_hp_gain":0,"max_hp_loss":0,"event_name":"Golden Wing","floor":2,"gold_loss":0},{"damage_healed":0,"gold_gain":0,"player_choice":"Lose Max HP","damage_taken":0,"relics_obtained":["Golden Idol"],"max_hp_gain":0,"max_hp_loss":7,"event_name":"Golden Idol","floor":3,"gold_loss":0},{"damage_healed":0,"gold_gain":0,"player_choice":"Searched \u00271\u0027 times","damage_taken":0,"max_hp_gain":0,"max_hp_loss":0,"event_name":"Dead Adventurer","floor":8,"gold_loss":0}],"is_beta":true,"boss_relics":[],"items_purged_floors":[],"is_endless":false,"potions_floor_spawned":[],"killed_by":"Lagavulin Event","ascension_level":20}