{"gold_per_floor":[131,160,172,203,233,245,271,283,318,349,416,428,440,467,479,570,582,613,635,647],"floor_reached":20,"playtime":1382,"items_purged":[],"score":356,"play_id":"8b9fd093-bc70-4146-b8ff-1c8e7345011d","local_time":"20190503231303","is_ascension_mode":true,"campfire_choices":[{"floor":6,"key":"REST"},{"floor":13,"key":"REST"},{"floor":15,"key":"REST"}],"neow_cost":"NONE","seed_source_timestamp":307882781193411,"circlet_count":0,"master_deck":["AscendersBane","Strike_B","Strike_B","Strike_B","Defend_B","Defend_B","Defend_B","Zap","Dualcast","Compile Driver","Cold Snap","BootSequence","Coolheaded","Coolheaded","Undo","Loop","Echo Form","Darkness","Hologram"],"relics":["Cracked Core","MawBank","Smiling Mask","Tiny Chest","Nuclear Battery"],"potions_floor_usage":[5,7,11,16,20,20],"damage_taken":[{"damage":9,"enemies":"Small Slimes","floor":1,"turns":3},{"damage":0,"enemies":"Cultist","floor":2,"turns":3},{"damage":4,"enemies":"Jaw Worm","floor":4,"turns":4},{"damage":20,"enemies":"Exordium Wildlife","floor":5,"turns":5},{"damage":0,"enemies":"Lots of Slimes","floor":7,"turns":3},{"damage":19,"enemies":"Gremlin Gang","floor":10,"turns":7},{"damage":23,"enemies":"3 Sentries","floor":11,"turns":12},{"damage":2,"enemies":"Red Slaver","floor":14,"turns":6},{"damage":32,"enemies":"The Guardian","floor":16,"turns":22},{"damage":11,"enemies":"Chosen","floor":18,"turns":7},{"damage":0,"enemies":"Spheric Guardian","floor":19,"turns":5},{"damage":48,"enemies":"Chosen and Byrds","floor":20,"turns":3}],"seed_played":"-115597236923467146","potions_obtained":[{"floor":4,"key":"Poison Potion"},{"floor":5,"key":"SteroidPotion"},{"floor":10,"key":"PowerPotion"},{"floor":11,"key":"SteroidPotion"},{"floor":14,"key":"SkillPotion"},{"floor":16,"key":"FearPotion"}],"is_trial":false,"path_per_floor":["M","M","?","M","M","R","M","?","T","M","E","$","R","M","R","B",null,"M","M","M"],"character_chosen":"DEFECT","items_purchased":[],"campfire_rested":3,"item_purchase_floors":[],"current_hp_per_floor":[55,55,55,51,31,52,52,45,45,26,3,3,24,22,43,11,56,45,45,0],"gold":647,"neow_bonus":"RANDOM_COMMON_RELIC","is_prod":false,"is_daily":false,"chose_seed":false,"campfire_upgraded":0,"win_rate":0,"timestamp":1556950383,"path_taken":["M","M","?","M","M","R","?","?","T","M","E","?","R","?","R","BOSS","M","?","?"],"build_version":"2019-04-23","purchased_purges":0,"victory":false,"max_hp_per_floor":[71,71,71,71,71,71,71,71,71,71,71,71,71,71,71,71,71,71,71,71],"card_choices":[{"not_picked":["Sweeping Beam","Streamline"],"picked":"Compile Driver","floor":1},{"not_picked":["Stack","Fusion","Machine Learning"],"picked":"SKIP","floor":2},{"not_picked":["Skim","Turbo"],"picked":"Cold Snap","floor":4},{"not_picked":["Fusion","Force Field"],"picked":"BootSequence","floor":5},{"not_picked":["Storm","Lockon"],"picked":"Coolheaded","floor":7},{"not_picked":["White Noise","Stack"],"picked":"Coolheaded","floor":10},{"not_picked":["Streamline","Stack"],"picked":"Undo","floor":11},{"not_picked":["Reprogram","Barrage"],"picked":"Loop","floor":14},{"not_picked":["Seek","Amplify"],"picked":"Echo Form","floor":16},{"not_picked":["Sweeping Beam","Leap"],"picked":"Darkness","floor":18},{"not_picked":["Stack","Auto Shields"],"picked":"Hologram","floor":19}],"player_experience":6115847,"relics_obtained":[{"floor":9,"key":"Smiling Mask"},{"floor":11,"key":"Tiny Chest"}],"event_choices":[{"cards_removed":["Strike_B"],"damage_healed":0,"gold_gain":0,"player_choice":"Offered Basic","damage_taken":0,"max_hp_gain":0,"max_hp_loss":0,"event_name":"Bonfire Elementals","floor":3,"gold_loss":0},{"cards_removed":["Defend_B"],"damage_healed":0,"gold_gain":0,"player_choice":"Card Removal","damage_taken":7,"max_hp_gain":0,"max_hp_loss":0,"event_name":"Golden Wing","floor":8,"gold_loss":0}],"is_beta":true,"boss_relics":[{"not_picked":["Inserter","Orrery"],"picked":"Nuclear Battery"}],"items_purged_floors":[],"is_endless":false,"potions_floor_spawned":[4,5,10,11,14,16],"killed_by":"Chosen and Byrds","ascension_level":20}