{"gold_per_floor":[111,186,199,199,247,275,275,301,324,324,337,337,487,518,518,592,592,612,612,612,622,622,656,656,682,758,263,274,306,306,323,323,394,394,408,424,424,444,444,444,494,494],"floor_reached":42,"playtime":1807,"items_purged":["Strike_B"],"score":940,"play_id":"007d27f6-d2d5-4c17-bf06-2afe525894d7","local_time":"20190429141547","is_ascension_mode":true,"campfire_choices":[{"floor":7,"key":"REST"},{"floor":10,"key":"REST"},{"data":"Static Discharge","floor":12,"key":"SMITH"},{"data":"Go for the Eyes","floor":15,"key":"SMITH"},{"floor":24,"key":"REST"},{"floor":30,"key":"REST"},{"floor":32,"key":"REST"},{"floor":40,"key":"REST"}],"neow_cost":"NONE","seed_source_timestamp":176009925226703,"circlet_count":0,"master_deck":["AscendersBane","Strike_B","Defend_B","Defend_B","Defend_B","Defend_B","Zap+1","Dualcast","Cold Snap","Compile Driver","Static Discharge+1","Ball Lightning","Ball Lightning","Go for the Eyes+1","Electrodynamics","Cold Snap","Sweeping Beam+1","Loop+1","Doom and Gloom","Consume","Skim+1","Seek","Conserve Battery+1","Undo","Master of Strategy"],"relics":["Cracked Core","Omamori","Pen Nib","Orichalcum","Boot","Regal Pillow","Empty Cage","Happy Flower","Bag of Marbles","Ginger","Bronze Scales","Strawberry","Ancient Tea Set","Runic Dome"],"potions_floor_usage":[23,29,33,33,33],"damage_taken":[{"damage":3,"enemies":"Small Slimes","floor":1,"turns":3},{"damage":0,"enemies":"Jaw Worm","floor":3,"turns":3},{"damage":24,"enemies":"3 Sentries","floor":6,"turns":9},{"damage":16,"enemies":"Lagavulin","floor":8,"turns":7},{"damage":1,"enemies":"2 Louse","floor":11,"turns":2},{"damage":6,"enemies":"3 Sentries","floor":14,"turns":5},{"damage":24,"enemies":"The Guardian","floor":16,"turns":9},{"damage":9,"enemies":"Spheric Guardian","floor":18,"turns":3},{"damage":4,"enemies":"Chosen","floor":21,"turns":4},{"damage":11,"enemies":"Gremlin Leader","floor":23,"turns":5},{"damage":20,"enemies":"Book of Stabbing","floor":25,"turns":4},{"damage":22,"enemies":"Shelled Parasite and Fungi","floor":28,"turns":4},{"damage":26,"enemies":"Slavers","floor":29,"turns":3},{"damage":15,"enemies":"Centurion and Healer","floor":31,"turns":4},{"damage":37,"enemies":"Collector","floor":33,"turns":7},{"damage":5,"enemies":"3 Darklings","floor":35,"turns":3},{"damage":10,"enemies":"Orb Walker","floor":36,"turns":2},{"damage":40,"enemies":"Writhing Mass","floor":38,"turns":5},{"damage":50,"enemies":"Giant Head","floor":42,"turns":5}],"seed_played":"7809714900509324232","potions_obtained":[{"floor":8,"key":"FairyPotion"},{"floor":14,"key":"GamblersBrew"},{"floor":25,"key":"Ancient Potion"},{"floor":28,"key":"FocusPotion"},{"floor":31,"key":"EntropicBrew"},{"floor":33,"key":"GamblersBrew"}],"is_trial":false,"path_per_floor":["M","?","M","?","T","E","R","E","T","R","M","R","?","E","R","B",null,"M","?","?","M","?","E","R","E","T","$","M","E","R","M","R","B",null,"M","M","?","M","?","R","?","E"],"character_chosen":"DEFECT","items_purchased":["Bronze Scales","Strawberry","Doom and Gloom"],"campfire_rested":6,"item_purchase_floors":[27,27,27],"current_hp_per_floor":[61,50,50,32,32,8,29,13,13,34,33,33,33,27,27,3,54,45,45,45,41,41,30,66,46,46,53,31,5,43,28,66,41,69,64,54,54,14,4,42,42,0],"gold":494,"neow_bonus":"UPGRADE_CARD","is_prod":false,"is_daily":false,"chose_seed":false,"campfire_upgraded":2,"win_rate":0,"timestamp":1556572547,"path_taken":["M","?","M","?","?","E","R","E","T","R","M","R","?","E","R","BOSS","M","?","?","?","?","E","R","E","T","$","M","E","R","M","R","BOSS","M","M","?","?","?","R","?","E"],"build_version":"2019-04-23","purchased_purges":1,"victory":false,"max_hp_per_floor":[71,71,71,71,71,71,71,71,71,71,71,71,71,71,71,71,71,71,71,71,71,71,71,71,71,71,78,78,78,78,78,78,78,78,78,78,78,78,78,78,78,78],"card_choices":[{"not_picked":["Gash","Barrage"],"picked":"Cold Snap","floor":1},{"not_picked":["Rebound","Steam"],"picked":"Compile Driver","floor":3},{"not_picked":["Capacitor","BootSequence"],"picked":"Static Discharge","floor":6},{"not_picked":["Steam Power","Redo"],"picked":"Ball Lightning","floor":8},{"not_picked":["Steam Power","Stack"],"picked":"Ball Lightning","floor":11},{"not_picked":["Barrage","Go for the Eyes","Turbo"],"picked":"SKIP","floor":14},{"not_picked":["Barrage","Go for the Eyes","Turbo"],"picked":"SKIP","floor":14},{"not_picked":["Barrage","Turbo"],"picked":"Go for the Eyes","floor":14},{"not_picked":["Creative AI","Fission"],"picked":"Electrodynamics","floor":16},{"not_picked":["Reinforced Body","Blizzard"],"picked":"Cold Snap","floor":18},{"not_picked":["Rip and Tear","White Noise"],"picked":"Sweeping Beam+1","floor":21},{"not_picked":["Compile Driver","Rip and Tear"],"picked":"Loop+1","floor":23},{"not_picked":["Steam Power","BootSequence","Machine Learning"],"picked":"SKIP","floor":25},{"not_picked":["Turbo","Compile Driver","Heatsinks"],"picked":"SKIP","floor":28},{"not_picked":["Rebound","Scrape"],"picked":"Consume","floor":29},{"not_picked":["Reprogram","Beam Cell"],"picked":"Skim+1","floor":31},{"not_picked":["Hyperbeam","Thunder Strike"],"picked":"Seek","floor":33},{"not_picked":["Redo","Genetic Algorithm"],"picked":"Conserve Battery+1","floor":35},{"not_picked":["Conserve Battery","Sweeping Beam"],"picked":"Undo","floor":36},{"not_picked":["Turbo+1","Redo","Compile Driver"],"picked":"SKIP","floor":38},{"not_picked":["Blind","Dark Shackles"],"picked":"Master of Strategy","floor":39}],"player_experience":5952408,"relics_obtained":[{"floor":5,"key":"Omamori"},{"floor":6,"key":"Pen Nib"},{"floor":8,"key":"Orichalcum"},{"floor":9,"key":"Boot"},{"floor":14,"key":"Regal Pillow"},{"floor":23,"key":"Bag of Marbles"},{"floor":25,"key":"Ginger"},{"floor":29,"key":"Ancient Tea Set"}],"event_choices":[{"damage_healed":0,"gold_gain":75,"player_choice":"Gather Gold","damage_taken":11,"max_hp_gain":0,"max_hp_loss":0,"event_name":"World of Goop","floor":2,"gold_loss":0},{"damage_healed":0,"gold_gain":0,"player_choice":"Fled","damage_taken":18,"max_hp_gain":0,"max_hp_loss":0,"event_name":"Scrap Ooze","floor":4,"gold_loss":0},{"damage_healed":0,"gold_gain":150,"player_choice":"AGREE","damage_taken":0,"max_hp_gain":0,"max_hp_loss":0,"event_name":"Liars Game","floor":13,"gold_loss":0,"cards_obtained":["Doubt"]},{"damage_healed":0,"gold_gain":0,"player_choice":"Ignored","damage_taken":0,"max_hp_gain":0,"max_hp_loss":0,"event_name":"Vampires","floor":19,"gold_loss":0},{"damage_healed":0,"gold_gain":0,"player_choice":"Gave Potion","damage_taken":0,"relics_obtained":["Happy Flower"],"max_hp_gain":0,"max_hp_loss":0,"event_name":"WeMeetAgain","floor":20,"gold_loss":0},{"damage_healed":0,"gold_gain":0,"player_choice":"0 cards matched","damage_taken":0,"max_hp_gain":0,"max_hp_loss":0,"event_name":"Match and Keep!","floor":22,"gold_loss":0,"cards_obtained":[]},{"damage_healed":0,"gold_gain":0,"player_choice":"Cursed","damage_taken":0,"max_hp_gain":0,"max_hp_loss":0,"event_name":"Wheel of Change","floor":37,"gold_loss":0,"cards_obtained":["Decay"]},{"damage_healed":0,"gold_gain":0,"player_choice":"Memory 3","damage_taken":10,"max_hp_gain":0,"max_hp_loss":0,"event_name":"SensoryStone","floor":39,"gold_loss":0},{"damage_healed":0,"gold_gain":50,"player_choice":"Pray","damage_taken":0,"max_hp_gain":0,"max_hp_loss":0,"event_name":"Golden Shrine","floor":41,"gold_loss":0}],"is_beta":true,"boss_relics":[{"not_picked":["Orrery","Philosopher\u0027s Stone"],"picked":"Empty Cage"},{"not_picked":["Tiny House","Eternal Feather"],"picked":"Runic Dome"}],"items_purged_floors":[27],"is_endless":false,"potions_floor_spawned":[8,14,18,25,28,31,33,38],"killed_by":"Giant Head","ascension_level":20}