{"gold_per_floor":[110,20,34,34,47,75,75,22,104,124,151,151,180,190,190,262,262,276,308,308,320,333,333,365,75,75,107,107,123,123,123,123,197,197,207,217,237,53,53,80,80,99,99,116,169,169,169,9,9,9,9,9,9,9,44,44],"floor_reached":57,"playtime":5955,"items_purged":[],"score":2726,"play_id":"9d045ccd-d727-4fca-8229-b42021963303","local_time":"20190501170826","is_ascension_mode":true,"campfire_choices":[{"floor":7,"key":"REST"},{"floor":12,"key":"REST"},{"data":"Sunder","floor":15,"key":"SMITH"},{"floor":23,"key":"REST"},{"floor":32,"key":"REST"},{"floor":41,"key":"REST"},{"floor":47,"key":"RECALL"},{"data":"Seek","floor":49,"key":"SMITH"},{"floor":53,"key":"REST"}],"neow_cost":"NONE","seed_source_timestamp":108611521809454,"circlet_count":0,"master_deck":["AscendersBane","Conserve Battery","Static Discharge","Coolheaded","Ball Lightning","Steam","Genetic Algorithm","Sunder+1","Hologram","Seek+1","Reinforced Body","Biased Cognition","BootSequence","Undo","Glacier","Glacier","Coolheaded","Go for the Eyes+1","Echo Form","Genetic Algorithm","Creative AI","Static Discharge+1","Force Field+1","Genetic Algorithm+1","Self Repair","Panacea","Reinforced Body","Reinforced Body+1","Coolheaded","Echo Form","Loop"],"relics":["Empty Cage","Art of War","Ornamental Fan","Omamori","Bag of Marbles","Pandora\u0027s Box","Red Mask","WarpedTongs","Dodecahedron","Chemical X","Matryoshka","Mummified Hand","Strawberry","Astrolabe","Girya","PreservedInsect","Ice Cream","Thread and Needle"],"potions_floor_usage":[6,11,24,27,33,37,40,40,45,56,56],"damage_taken":[{"damage":11,"enemies":"2 Louse","floor":1,"turns":4},{"damage":6,"enemies":"Small Slimes","floor":3,"turns":4},{"damage":2,"enemies":"Cultist","floor":5,"turns":5},{"damage":34,"enemies":"Gremlin Nob","floor":6,"turns":4},{"damage":4,"enemies":"2 Fungi Beasts","floor":10,"turns":4},{"damage":6,"enemies":"Lagavulin","floor":11,"turns":7},{"damage":17,"enemies":"3 Sentries","floor":13,"turns":8},{"damage":3,"enemies":"3 Louse","floor":14,"turns":4},{"damage":8,"enemies":"The Guardian","floor":16,"turns":14},{"damage":6,"enemies":"Shell Parasite","floor":18,"turns":6},{"damage":13,"enemies":"Masked Bandits","floor":19,"turns":4},{"damage":33,"enemies":"3 Byrds","floor":21,"turns":5},{"damage":2,"enemies":"Centurion and Healer","floor":22,"turns":10},{"damage":15,"enemies":"Book of Stabbing","floor":24,"turns":6},{"damage":10,"enemies":"Slavers","floor":27,"turns":5},{"damage":0,"enemies":"Snecko","floor":29,"turns":5},{"damage":25,"enemies":"Collector","floor":33,"turns":18},{"damage":4,"enemies":"3 Darklings","floor":35,"turns":7},{"damage":0,"enemies":"3 Shapes","floor":36,"turns":17},{"damage":4,"enemies":"Transient","floor":37,"turns":6},{"damage":29,"enemies":"Reptomancer","floor":40,"turns":8},{"damage":0,"enemies":"Spire Growth","floor":42,"turns":10},{"damage":0,"enemies":"Sphere and 2 Shapes","floor":44,"turns":10},{"damage":1,"enemies":"2 Orb Walkers","floor":45,"turns":6},{"damage":0,"enemies":"Donu and Deca","floor":50,"turns":16},{"damage":44,"enemies":"Time Eater","floor":51,"turns":16},{"damage":0,"enemies":"Shield and Spear","floor":55,"turns":5},{"damage":14,"enemies":"The Heart","floor":56,"turns":10}],"seed_played":"-8430993695873477225","potions_obtained":[{"floor":1,"key":"Poison Potion"},{"floor":6,"key":"GamblersBrew"},{"floor":13,"key":"SkillPotion"},{"floor":21,"key":"Fire Potion"},{"floor":22,"key":"Regen Potion"},{"floor":33,"key":"Weak Potion"},{"floor":36,"key":"SkillPotion"},{"floor":40,"key":"Weak Potion"},{"floor":42,"key":"Explosive Potion"},{"floor":44,"key":"Ancient Potion"}],"is_trial":false,"path_per_floor":["M","$","M","?","M","E","R","$","T","M","E","R","E","M","R","B",null,"M","?","?","M","M","R","E","$","T","E","?","M","?","?","R","B",null,"M","M","M","$","?","E","R","M","T","M","?","?","R","$","R","B","B",null,"R","$","E","B",null],"character_chosen":"DEFECT","items_purchased":["Static Discharge","AttackPotion","Chemical X","FocusPotion","Self Repair","Panacea","Poison Potion","Loop","Ancient Potion"],"campfire_rested":6,"item_purchase_floors":[2,8,25,25,38,38,38,48,48],"current_hp_per_floor":[53,53,47,52,50,16,38,38,38,34,28,50,33,30,30,22,63,57,44,44,11,9,31,31,31,31,21,21,21,21,28,52,27,69,65,65,61,61,51,29,53,60,60,80,83,83,83,83,83,83,53,76,83,83,83,76],"gold":44,"neow_bonus":"BOSS_RELIC","is_prod":false,"is_daily":false,"chose_seed":false,"campfire_upgraded":2,"win_rate":0,"timestamp":1556755706,"path_taken":["M","$","M","?","M","E","R","$","T","M","E","R","E","M","R","BOSS","M","?","?","M","?","R","E","$","T","E","?","M","?","?","R","BOSS","M","M","M","$","?","E","R","M","T","M","?","?","R","$","R","BOSS","BOSS","R","$","E","BOSS"],"build_version":"2019-04-23","purchased_purges":0,"victory":true,"max_hp_per_floor":[71,71,71,76,76,76,76,76,76,76,76,76,76,76,76,76,76,76,76,76,76,76,76,76,76,76,76,76,76,76,83,83,83,83,83,83,83,83,83,83,83,83,83,83,83,83,83,83,83,83,83,83,83,83,83,83],"card_choices":[{"not_picked":["Steam Power","Beam Cell"],"picked":"Conserve Battery","floor":1},{"not_picked":["Consume","Turbo"],"picked":"Coolheaded","floor":3},{"not_picked":["Melter","Stack"],"picked":"Ball Lightning","floor":5},{"not_picked":["Sweeping Beam","Streamline"],"picked":"Steam","floor":6},{"not_picked":["Beam Cell","Scrape"],"picked":"Genetic Algorithm","floor":10},{"not_picked":["Lockon","Coolheaded"],"picked":"Cold Snap","floor":11},{"not_picked":["Thunder Strike","Go for the Eyes"],"picked":"Sunder","floor":13},{"not_picked":["Storm","Gash"],"picked":"Hologram","floor":14},{"not_picked":["Core Surge","All For One"],"picked":"Seek","floor":16},{"not_picked":["Skim","Hologram","Stack"],"picked":"SKIP","floor":18},{"not_picked":["Ball Lightning","Doom and Gloom"],"picked":"Glacier","floor":19},{"not_picked":["Turbo","BootSequence"],"picked":"Coolheaded","floor":21},{"not_picked":["Barrage","Conserve Battery"],"picked":"Go for the Eyes+1","floor":22},{"not_picked":["Rebound","Scrape","Undo"],"picked":"SKIP","floor":24},{"not_picked":["Stack","Chaos+1"],"picked":"Echo Form","floor":27},{"not_picked":["Barrage","BootSequence+1"],"picked":"Genetic Algorithm","floor":29},{"not_picked":["Seek","Hyperbeam"],"picked":"Creative AI","floor":33},{"not_picked":["Compile Driver+1","Streamline+1","Gash"],"picked":"SKIP","floor":35},{"not_picked":["Cold Snap+1","Conserve Battery","Steam+1"],"picked":"SKIP","floor":36},{"not_picked":["Conserve Battery+1","Chill","Undo"],"picked":"SKIP","floor":37},{"not_picked":["Reprogram+1","Rebound+1"],"picked":"Reinforced Body","floor":40},{"not_picked":["Compile Driver","Hello World"],"picked":"Reinforced Body+1","floor":42},{"not_picked":["Stack","Lockon+1"],"picked":"Coolheaded","floor":44},{"not_picked":["BootSequence+1","Rebound","Leap+1"],"picked":"SKIP","floor":55}],"player_experience":6025058,"relics_obtained":[{"floor":6,"key":"Art of War"},{"floor":9,"key":"Ornamental Fan"},{"floor":11,"key":"Omamori"},{"floor":13,"key":"Bag of Marbles"},{"floor":19,"key":"Red Mask"},{"floor":24,"key":"Dodecahedron"},{"floor":26,"key":"Matryoshka"},{"floor":27,"key":"Mummified Hand"},{"floor":40,"key":"Girya"},{"floor":43,"key":"PreservedInsect"},{"floor":45,"key":"Ice Cream"},{"floor":55,"key":"Thread and Needle"}],"event_choices":[{"damage_healed":0,"gold_gain":0,"player_choice":"Donut","damage_taken":0,"max_hp_gain":5,"max_hp_loss":0,"event_name":"Big Fish","floor":4,"gold_loss":0},{"damage_healed":0,"gold_gain":0,"player_choice":"Fought Bandits","damage_taken":0,"max_hp_gain":0,"max_hp_loss":0,"event_name":"Masked Bandits","floor":19,"gold_loss":0},{"damage_healed":0,"gold_gain":0,"player_choice":"Rummage","damage_taken":0,"relics_obtained":["WarpedTongs"],"max_hp_gain":0,"max_hp_loss":0,"event_name":"Accursed Blacksmith","floor":20,"gold_loss":0,"cards_obtained":["Pain"]},{"cards_removed":["Scrape"],"damage_healed":0,"gold_gain":0,"player_choice":"Elegance","damage_taken":0,"max_hp_gain":0,"max_hp_loss":0,"event_name":"Back to Basics","floor":28,"gold_loss":0},{"damage_healed":0,"gold_gain":0,"player_choice":"Ignored","damage_taken":0,"max_hp_gain":0,"max_hp_loss":0,"event_name":"Vampires","floor":30,"gold_loss":0},{"damage_healed":0,"gold_gain":0,"player_choice":"Stole Relic","damage_taken":0,"relics_obtained":["Strawberry"],"max_hp_gain":0,"max_hp_loss":0,"event_name":"Addict","floor":31,"gold_loss":0,"cards_obtained":["Shame"]},{"damage_healed":0,"gold_gain":0,"player_choice":"Memory 3","damage_taken":10,"max_hp_gain":0,"max_hp_loss":0,"event_name":"SensoryStone","floor":39,"gold_loss":0},{"damage_healed":0,"gold_gain":0,"player_choice":"Fight","damage_taken":0,"max_hp_gain":0,"max_hp_loss":0,"event_name":"Mysterious Sphere","floor":45,"gold_loss":0},{"damage_healed":0,"gold_gain":0,"player_choice":"Copied","damage_taken":0,"max_hp_gain":0,"max_hp_loss":0,"event_name":"Duplicator","floor":46,"gold_loss":0,"cards_obtained":["Echo Form"]}],"is_beta":true,"boss_relics":[{"not_picked":["Philosopher\u0027s Stone","Nuclear Battery"],"picked":"Pandora\u0027s Box"},{"not_picked":["White Beast Statue","Calling Bell"],"picked":"Astrolabe"}],"items_purged_floors":[],"is_endless":false,"potions_floor_spawned":[1,6,13,21,22,33,36,40,42,44],"ascension_level":20}