{"gold_per_floor":[114,39,39,58,69,69,87,87,87,87,106,135,151,177,177,254,254,265,180,30,130,145,171,171,205,205,205,205,220,220,239,239,313,313,330,330,330,344,0,28,28,55,55,55,67,98,98,118,118,118,118,118,118,61,90,90],"floor_reached":56,"playtime":5366,"items_purged":["Strike_B","Streamline"],"score":2091,"play_id":"434008f4-ad44-4d0e-a6d2-b50990fc629c","local_time":"20190503153803","is_ascension_mode":true,"campfire_choices":[{"data":"Darkness","floor":6,"key":"SMITH"},{"data":"Coolheaded","floor":8,"key":"SMITH"},{"floor":10,"key":"REST"},{"data":"Doom and Gloom","floor":15,"key":"SMITH"},{"floor":24,"key":"REST"},{"data":"Defragment","floor":27,"key":"SMITH"},{"data":"Skim","floor":30,"key":"SMITH"},{"data":"Reinforced Body","floor":32,"key":"SMITH"},{"data":"Biased Cognition","floor":41,"key":"SMITH"},{"data":"Loop","floor":44,"key":"SMITH"},{"floor":49,"key":"RECALL"},{"data":"Chill","floor":53,"key":"SMITH"}],"neow_cost":"NONE","seed_source_timestamp":276603427003633,"circlet_count":0,"master_deck":["AscendersBane","Defend_B","Defend_B","Defend_B","Defend_B","Zap+1","Dualcast","Darkness+1","Genetic Algorithm","Compile Driver","Coolheaded+1","Doom and Gloom+1","Buffer+1","Electrodynamics","Defragment+1","Reinforced Body+1","Go for the Eyes","Doom and Gloom","Skim+1","Machine Learning","Seek+1","All For One+1","Static Discharge+1","Coolheaded+1","Skim","Defragment+1","Coolheaded","Biased Cognition+1","Loop+1","Chill+1","Conserve Battery+1","Redo+1"],"relics":["Cracked Core","GremlinMask","Shuriken","Mango","Bird Faced Urn","Velvet Choker","Strawberry","Unceasing Top","Symbiotic Virus","Ornamental Fan","Art of War","Pantograph","Astrolabe","DollysMirror","Dodecahedron","Bag of Preparation","Bag of Marbles","Pen Nib"],"potions_floor_usage":[5,14,18,21,23,40,51,55,56],"damage_taken":[{"damage":1,"enemies":"Cultist","floor":1,"turns":3},{"damage":3,"enemies":"2 Louse","floor":4,"turns":2},{"damage":19,"enemies":"Jaw Worm","floor":5,"turns":4},{"damage":7,"enemies":"Looter","floor":7,"turns":3},{"damage":8,"enemies":"Exordium Wildlife","floor":11,"turns":3},{"damage":4,"enemies":"Lagavulin","floor":12,"turns":5},{"damage":8,"enemies":"Blue Slaver","floor":13,"turns":3},{"damage":24,"enemies":"Gremlin Nob","floor":14,"turns":4},{"damage":32,"enemies":"Hexaghost","floor":16,"turns":8},{"damage":2,"enemies":"Shell Parasite","floor":18,"turns":4},{"damage":24,"enemies":"Colosseum Slavers","floor":21,"turns":4},{"damage":19,"enemies":"Colosseum Nobs","floor":21,"turns":4},{"damage":11,"enemies":"3 Byrds","floor":22,"turns":2},{"damage":18,"enemies":"Slavers","floor":23,"turns":4},{"damage":22,"enemies":"Gremlin Leader","floor":25,"turns":6},{"damage":0,"enemies":"Shelled Parasite and Fungi","floor":29,"turns":6},{"damage":0,"enemies":"Centurion and Healer","floor":31,"turns":4},{"damage":45,"enemies":"Collector","floor":33,"turns":9},{"damage":0,"enemies":"3 Shapes","floor":35,"turns":4},{"damage":9,"enemies":"3 Darklings","floor":38,"turns":3},{"damage":52,"enemies":"Giant Head","floor":40,"turns":10},{"damage":0,"enemies":"Reptomancer","floor":42,"turns":4},{"damage":6,"enemies":"Jaw Worm Horde","floor":45,"turns":4},{"damage":0,"enemies":"Giant Head","floor":46,"turns":6},{"damage":0,"enemies":"Spire Growth","floor":48,"turns":4},{"damage":32,"enemies":"Donu and Deca","floor":50,"turns":7},{"damage":90,"enemies":"Awakened One","floor":51,"turns":11},{"damage":38,"enemies":"Shield and Spear","floor":55,"turns":5},{"damage":102,"enemies":"The Heart","floor":56,"turns":6}],"seed_played":"-2119391402688205102","potions_obtained":[{"floor":1,"key":"Regen Potion"},{"floor":7,"key":"Swift Potion"},{"floor":13,"key":"Fire Potion"},{"floor":14,"key":"Weak Potion"},{"floor":21,"key":"Weak Potion"},{"floor":29,"key":"Dexterity Potion"},{"floor":33,"key":"SkillPotion"},{"floor":38,"key":"PowerPotion"},{"floor":42,"key":"Poison Potion"}],"is_trial":false,"path_per_floor":["M","$","?","M","M","R","M","R","T","R","M","E","M","E","R","B",null,"M","?","$","?","M","E","R","E","T","R","?","M","R","M","R","B",null,"M","$","?","M","$","E","R","E","T","R","M","E","?","M","R","B","B",null,"R","$","E","B"],"character_chosen":"DEFECT","items_purchased":["Genetic Algorithm","Defragment","DollysMirror","Coolheaded","PowerPotion"],"campfire_rested":2,"item_purchase_floors":[2,20,39,39,54],"current_hp_per_floor":[63,63,63,60,53,53,46,46,46,67,59,69,61,37,37,7,66,66,73,73,42,35,21,48,32,32,32,32,38,38,44,44,30,77,87,87,87,87,87,46,46,56,56,56,66,80,80,92,92,70,12,72,72,72,52,0],"gold":90,"neow_bonus":"UPGRADE_CARD","is_prod":false,"is_daily":false,"chose_seed":false,"campfire_upgraded":9,"win_rate":0,"timestamp":1556923083,"path_taken":["M","?","?","M","M","R","?","R","T","R","?","E","M","E","R","BOSS","M","?","$","?","?","E","R","E","T","R","?","?","R","M","R","BOSS","M","$","?","?","$","E","R","E","T","R","M","E","?","M","R","BOSS","BOSS","R","$","E","BOSS"],"build_version":"2019-04-23","purchased_purges":2,"victory":false,"max_hp_per_floor":[71,71,71,71,71,71,71,71,71,71,71,85,85,85,85,85,85,85,92,92,92,92,92,92,92,92,92,92,92,92,92,92,92,92,92,92,92,92,92,92,92,92,92,92,92,92,92,92,92,92,92,92,92,92,92,92],"card_choices":[{"not_picked":["Barrage","Skim"],"picked":"Darkness","floor":1},{"not_picked":["Streamline","Sweeping Beam"],"picked":"Ball Lightning","floor":4},{"not_picked":["Hello World","Leap"],"picked":"Compile Driver","floor":5},{"not_picked":["Sweeping Beam","Stack"],"picked":"Coolheaded","floor":7},{"not_picked":["Redo","Sunder","Leap"],"picked":"SKIP","floor":11},{"not_picked":["Lockon","Coolheaded"],"picked":"Doom and Gloom","floor":12},{"not_picked":["Conserve Battery","Auto Shields"],"picked":"Buffer","floor":13},{"not_picked":["Auto Shields","Storm","Sweeping Beam"],"picked":"SKIP","floor":14},{"not_picked":["Core Surge","Thunder Strike"],"picked":"Electrodynamics","floor":16},{"not_picked":["Blizzard+1","Scrape+1","Sunder"],"picked":"SKIP","floor":18},{"not_picked":["Scrape","Leap"],"picked":"Reinforced Body","floor":21},{"not_picked":["Darkness","Compile Driver"],"picked":"Go for the Eyes","floor":22},{"not_picked":["Blizzard+1","Scrape"],"picked":"Doom and Gloom","floor":23},{"not_picked":["Blizzard","Streamline"],"picked":"Skim","floor":25},{"not_picked":["Streamline","Leap","Meteor Strike"],"picked":"SKIP","floor":29},{"not_picked":["Sweeping Beam","Recycle","Beam Cell"],"picked":"SKIP","floor":31},{"not_picked":["Fission","Electrodynamics"],"picked":"Machine Learning","floor":33},{"not_picked":["Compile Driver","Rebound+1"],"picked":"Coolheaded","floor":35},{"not_picked":["Beam Cell","Rebound"],"picked":"Skim","floor":38},{"not_picked":["Redo+1","Self Repair"],"picked":"Biased Cognition","floor":40},{"not_picked":["Sweeping Beam","Redo"],"picked":"Loop","floor":42},{"not_picked":["Barrage","Lockon"],"picked":"Chill","floor":45},{"not_picked":["Streamline+1","Stack"],"picked":"Conserve Battery+1","floor":46},{"not_picked":["Leap","Melter"],"picked":"Redo+1","floor":48},{"not_picked":["Stack","Fission","Turbo"],"picked":"SKIP","floor":55}],"player_experience":6096349,"relics_obtained":[{"floor":9,"key":"Shuriken"},{"floor":12,"key":"Mango"},{"floor":14,"key":"Bird Faced Urn"},{"floor":21,"key":"Unceasing Top"},{"floor":21,"key":"Symbiotic Virus"},{"floor":23,"key":"Ornamental Fan"},{"floor":25,"key":"Art of War"},{"floor":26,"key":"Pantograph"},{"floor":40,"key":"Dodecahedron"},{"floor":42,"key":"Bag of Preparation"},{"floor":46,"key":"Bag of Marbles"},{"floor":55,"key":"Pen Nib"}],"event_choices":[{"damage_healed":0,"gold_gain":0,"player_choice":"Trade","damage_taken":0,"relics_obtained":["GremlinMask"],"max_hp_gain":0,"max_hp_loss":0,"event_name":"FaceTrader","floor":3,"gold_loss":0},{"damage_healed":0,"gold_gain":0,"player_choice":"Obtained Relic","damage_taken":0,"relics_obtained":["Strawberry"],"max_hp_gain":0,"max_hp_loss":0,"event_name":"Addict","floor":19,"gold_loss":85},{"damage_healed":0,"gold_gain":0,"player_choice":"Fight","damage_taken":0,"max_hp_gain":0,"max_hp_loss":0,"event_name":"Colosseum","floor":21,"gold_loss":0},{"damage_healed":0,"gold_gain":0,"player_choice":"Fought Nobs","damage_taken":0,"max_hp_gain":0,"max_hp_loss":0,"event_name":"Colosseum","floor":21,"gold_loss":0},{"damage_healed":0,"gold_gain":0,"player_choice":"Upgraded","damage_taken":0,"max_hp_gain":0,"max_hp_loss":0,"event_name":"Upgrade Shrine","floor":28,"gold_loss":0,"cards_upgraded":["Buffer"]},{"damage_healed":0,"gold_gain":0,"cards_transformed":["Ball Lightning"],"player_choice":"Transformed","damage_taken":0,"max_hp_gain":0,"max_hp_loss":0,"event_name":"Transmorgrifier","floor":37,"gold_loss":0,"cards_obtained":["Streamline"]},{"damage_healed":0,"gold_gain":0,"player_choice":"Forge","damage_taken":0,"max_hp_gain":0,"max_hp_loss":0,"event_name":"Accursed Blacksmith","floor":47,"gold_loss":0,"cards_upgraded":["Coolheaded"]}],"is_beta":true,"boss_relics":[{"not_picked":["Philosopher\u0027s Stone","Cursed Key"],"picked":"Velvet Choker"},{"not_picked":["Busted Crown","Calling Bell"],"picked":"Astrolabe"}],"items_purged_floors":[20,39],"is_endless":false,"potions_floor_spawned":[1,7,13,14,21,21,29,33,38,42],"killed_by":"The Heart","ascension_level":20}