{"gold_per_floor":[125,187,43,56,72,100,100,100,100,100,112,130,148,182,182,254,254,264,264,52,52,52,86,86,101,151,151,14,14,339,359,359,433,433,452,452,467,477,490,490,174,174,174,174,186,217,217,230,230,230,230],"floor_reached":51,"playtime":3174,"items_purged":["Strike_R","Writhe","Hemokinesis","Twin Strike"],"score":1475,"play_id":"c01ad99f-57ba-4577-9894-ef268ba388dc","local_time":"20190502211600","is_ascension_mode":true,"campfire_choices":[{"data":"Bash","floor":8,"key":"SMITH"},{"data":"Anger","floor":10,"key":"SMITH"},{"data":"Carnage","floor":15,"key":"SMITH"},{"floor":24,"key":"REST"},{"floor":27,"key":"REST"},{"floor":32,"key":"REST"},{"data":"Demon Form","floor":40,"key":"SMITH"},{"data":"Offering","floor":42,"key":"SMITH"},{"floor":44,"key":"RECALL"},{"floor":47,"key":"REST"},{"floor":49,"key":"REST"}],"neow_cost":"NONE","seed_source_timestamp":212671126291778,"circlet_count":0,"master_deck":["AscendersBane","Bash+1","Anger+1","Headbutt","Feed","Armaments","Carnage+1","True Grit","Exhume","Inflame","Sentinel","Spot Weakness","Thunderclap","Fiend Fire","Shockwave","Metallicize+1","Shrug It Off+1","Seeing Red","Offering+1","Combust+1","Demon Form+1","Feel No Pain"],"relics":["Burning Blood","MawBank","Dead Branch","Ornamental Fan","Bronze Scales","Pandora\u0027s Box","Smiling Mask","Happy Flower","Strawberry","Pen Nib","Old Coin","Runic Dome","Self Forming Clay","Bottled Lightning"],"potions_floor_usage":[6,18,21,21,33,39,51],"damage_taken":[{"damage":8,"enemies":"2 Louse","floor":1,"turns":4},{"damage":0,"enemies":"Cultist","floor":4,"turns":3},{"damage":9,"enemies":"Jaw Worm","floor":5,"turns":4},{"damage":10,"enemies":"3 Sentries","floor":6,"turns":3},{"damage":8,"enemies":"Blue Slaver","floor":11,"turns":2},{"damage":19,"enemies":"3 Louse","floor":12,"turns":3},{"damage":13,"enemies":"Large Slime","floor":13,"turns":6},{"damage":4,"enemies":"Gremlin Nob","floor":14,"turns":3},{"damage":23,"enemies":"Hexaghost","floor":16,"turns":9},{"damage":21,"enemies":"2 Thieves","floor":18,"turns":3},{"damage":31,"enemies":"Colosseum Slavers","floor":21,"turns":5},{"damage":32,"enemies":"Book of Stabbing","floor":23,"turns":3},{"damage":11,"enemies":"Shell Parasite","floor":25,"turns":3},{"damage":16,"enemies":"Gremlin Leader","floor":30,"turns":5},{"damage":10,"enemies":"3 Cultists","floor":31,"turns":5},{"damage":98,"enemies":"Collector","floor":33,"turns":9},{"damage":24,"enemies":"3 Darklings","floor":35,"turns":3},{"damage":14,"enemies":"Orb Walker","floor":37,"turns":2},{"damage":16,"enemies":"Spire Growth","floor":38,"turns":4},{"damage":29,"enemies":"3 Darklings","floor":39,"turns":4},{"damage":18,"enemies":"4 Shapes","floor":45,"turns":12},{"damage":31,"enemies":"Reptomancer","floor":46,"turns":5},{"damage":15,"enemies":"Transient","floor":48,"turns":6},{"damage":96,"enemies":"Time Eater","floor":50,"turns":7},{"damage":31,"enemies":"Awakened One","floor":51,"turns":3}],"seed_played":"-7236636541660351594","potions_obtained":[{"floor":4,"key":"Block Potion"},{"floor":12,"key":"BloodPotion"},{"floor":13,"key":"Weak Potion"},{"floor":18,"key":"EssenceOfSteel"},{"floor":31,"key":"Poison Potion"},{"floor":35,"key":"FearPotion"},{"floor":38,"key":"Block Potion"},{"floor":39,"key":"Ancient Potion"},{"floor":48,"key":"PowerPotion"}],"is_trial":false,"path_per_floor":["M","?","$","M","M","E","?","R","T","R","M","M","M","E","R","B",null,"M","?","$","?","?","E","R","M","T","R","$","?","E","M","R","B",null,"M","?","M","M","M","R","$","R","T","R","M","E","R","M","R","B","B"],"character_chosen":"IRONCLAD","items_purchased":["Anger","AttackPotion","Happy Flower","Seeing Red","Self Forming Clay"],"campfire_rested":5,"item_purchase_floors":[3,3,20,28,41],"current_hp_per_floor":[66,66,66,72,69,65,65,65,65,65,66,56,53,59,59,42,77,65,65,65,43,43,24,54,49,49,79,79,79,72,75,108,16,88,73,115,107,100,80,80,80,80,80,80,71,46,83,74,111,25,0],"gold":230,"neow_bonus":"RANDOM_COMMON_RELIC","is_prod":false,"is_daily":false,"chose_seed":false,"campfire_upgraded":5,"win_rate":0,"timestamp":1556856960,"path_taken":["M","?","?","?","M","E","?","R","T","R","M","M","?","E","R","BOSS","M","?","$","?","?","E","R","M","T","R","$","?","E","M","R","BOSS","M","?","?","M","M","R","$","R","T","R","?","E","R","M","R","BOSS","BOSS"],"build_version":"2019-04-23","purchased_purges":4,"victory":false,"max_hp_per_floor":[75,75,75,75,75,75,75,75,75,75,78,81,85,89,89,89,89,92,92,92,95,95,102,102,102,102,102,102,102,105,112,112,112,112,115,115,115,118,121,121,121,121,121,121,124,124,124,124,124,128,131],"card_choices":[{"not_picked":["Rupture","Reckless Charge"],"picked":"Twin Strike","floor":1},{"not_picked":["Clash","Dropkick"],"picked":"Headbutt","floor":4},{"not_picked":["Sentinel","Warcry","Wild Strike"],"picked":"SKIP","floor":5},{"not_picked":["Flex","Havoc"],"picked":"Feed","floor":6},{"not_picked":["Perfected Strike","Wild Strike","Havoc"],"picked":"SKIP","floor":11},{"not_picked":["Sword Boomerang","Sentinel"],"picked":"Armaments","floor":12},{"not_picked":["Perfected Strike","Anger"],"picked":"Carnage","floor":13},{"not_picked":["Clash","Rampage"],"picked":"True Grit","floor":14},{"not_picked":["Double Tap","Dark Embrace"],"picked":"Exhume","floor":16},{"not_picked":["Wild Strike","Twin Strike","Cleave"],"picked":"SKIP","floor":18},{"not_picked":["Pummel","Heavy Blade+1"],"picked":"Metallicize+1","floor":23},{"not_picked":["Perfected Strike+1","Second Wind"],"picked":"Shrug It Off+1","floor":25},{"not_picked":["Body Slam","Fire Breathing","Spot Weakness"],"picked":"SKIP","floor":30},{"not_picked":["Rampage+1","Cleave","Clash"],"picked":"SKIP","floor":31},{"not_picked":["Brutality","Fiend Fire"],"picked":"Offering","floor":33},{"not_picked":["Iron Wave+1","Headbutt","Rupture"],"picked":"SKIP","floor":35},{"not_picked":["Rampage","Warcry"],"picked":"Combust+1","floor":37},{"not_picked":["Perfected Strike","Combust","Armaments"],"picked":"SKIP","floor":38},{"not_picked":["Flex","Headbutt+1"],"picked":"Demon Form","floor":39},{"not_picked":["Clothesline","Sever Soul","Heavy Blade"],"picked":"SKIP","floor":45},{"not_picked":["Limit Break","Sever Soul+1"],"picked":"Feel No Pain","floor":46},{"not_picked":["Flex+1","Body Slam","Twin Strike"],"picked":"SKIP","floor":48}],"player_experience":6067348,"relics_obtained":[{"floor":6,"key":"Dead Branch"},{"floor":9,"key":"Ornamental Fan"},{"floor":14,"key":"Bronze Scales"},{"floor":23,"key":"Strawberry"},{"floor":26,"key":"Pen Nib"},{"floor":30,"key":"Old Coin"},{"floor":46,"key":"Bottled Lightning"}],"event_choices":[{"damage_healed":0,"gold_gain":50,"player_choice":"Pray","damage_taken":0,"max_hp_gain":0,"max_hp_loss":0,"event_name":"Golden Shrine","floor":2,"gold_loss":0},{"cards_removed":["Strike_R"],"damage_healed":0,"gold_gain":0,"player_choice":"Purged","damage_taken":0,"max_hp_gain":0,"max_hp_loss":0,"event_name":"Purifier","floor":7,"gold_loss":0},{"damage_healed":0,"gold_gain":0,"player_choice":"Opened","damage_taken":0,"relics_obtained":["Smiling Mask"],"max_hp_gain":0,"max_hp_loss":0,"event_name":"The Mausoleum","floor":19,"gold_loss":0,"cards_obtained":["Writhe"]},{"damage_healed":0,"gold_gain":0,"player_choice":"Fight","damage_taken":0,"max_hp_gain":0,"max_hp_loss":0,"event_name":"Colosseum","floor":21,"gold_loss":0},{"damage_healed":0,"gold_gain":0,"player_choice":"Fled From Nobs","damage_taken":0,"max_hp_gain":0,"max_hp_loss":0,"event_name":"Colosseum","floor":21,"gold_loss":0},{"damage_healed":0,"gold_gain":0,"player_choice":"Read","damage_taken":0,"max_hp_gain":0,"max_hp_loss":0,"event_name":"The Library","floor":22,"gold_loss":0,"cards_obtained":["Shockwave"]},{"damage_healed":0,"gold_gain":0,"player_choice":"Ignored","damage_taken":0,"max_hp_gain":0,"max_hp_loss":0,"event_name":"Vampires","floor":29,"gold_loss":0},{"cards_removed":["Hemokinesis"],"damage_healed":42,"gold_gain":0,"player_choice":"Offered Uncommon","damage_taken":0,"max_hp_gain":0,"max_hp_loss":0,"event_name":"Bonfire Elementals","floor":36,"gold_loss":0}],"is_beta":true,"boss_relics":[{"not_picked":["Mark of Pain","Calling Bell"],"picked":"Pandora\u0027s Box"},{"not_picked":["White Beast Statue","Astrolabe"],"picked":"Runic Dome"}],"items_purged_floors":[3,20,28,41],"is_endless":false,"potions_floor_spawned":[4,12,13,14,18,21,31,35,38,39,48],"killed_by":"Awakened One","ascension_level":20}