{"gold_per_floor":[109,120,120,140,140,176,176,7,7,26,96,96,96,132,132,132],"floor_reached":16,"playtime":650,"items_purged":[],"score":236,"play_id":"42ff0dae-f09f-4dcb-be3d-7a3e2c05bf6c","local_time":"20190503154902","is_ascension_mode":true,"campfire_choices":[{"data":"Combust","floor":7,"key":"SMITH"},{"floor":13,"key":"REST"},{"data":"Bash","floor":15,"key":"SMITH"}],"neow_cost":"NONE","seed_source_timestamp":281976092808442,"circlet_count":0,"master_deck":["AscendersBane","Strike_R","Strike_R","Strike_R","Defend_R","Defend_R","Defend_R","Defend_R","Bash+1","Rampage","True Grit","Clothesline","Combust+1","Armaments","Shrug It Off","Shrug It Off"],"relics":["Burning Blood","Golden Idol","Strawberry","Anchor","Question Card","Tiny Chest","Unceasing Top","Pear"],"potions_floor_usage":[11,11,16],"damage_taken":[{"damage":4,"enemies":"2 Louse","floor":1,"turns":4},{"damage":1,"enemies":"Cultist","floor":2,"turns":3},{"damage":12,"enemies":"Jaw Worm","floor":4,"turns":4},{"damage":32,"enemies":"Lagavulin","floor":6,"turns":8},{"damage":8,"enemies":"Blue Slaver","floor":10,"turns":5},{"damage":26,"enemies":"Gremlin Nob","floor":11,"turns":4},{"damage":10,"enemies":"3 Sentries","floor":14,"turns":5},{"damage":61,"enemies":"Slime Boss","floor":16,"turns":8}],"seed_played":"-4749805396515109337","potions_obtained":[{"floor":1,"key":"AttackPotion"},{"floor":4,"key":"SkillPotion"},{"floor":6,"key":"PowerPotion"},{"floor":11,"key":"Poison Potion"}],"is_trial":false,"path_per_floor":["M","M","?","M","?","E","R","$","T","M","E","T","R","E","R","B"],"character_chosen":"IRONCLAD","items_purchased":["Anchor"],"campfire_rested":1,"item_purchase_floors":[8],"current_hp_per_floor":[70,75,75,69,68,49,49,49,49,47,27,27,49,55,55,0],"gold":132,"neow_bonus":"REMOVE_CARD","is_prod":false,"is_daily":false,"chose_seed":false,"campfire_upgraded":2,"win_rate":0,"timestamp":1556923742,"path_taken":["M","M","?","?","?","E","R","$","T","M","E","?","R","E","R","BOSS"],"build_version":"2019-04-23","purchased_purges":0,"victory":false,"max_hp_per_floor":[75,75,75,75,68,75,75,75,75,75,75,75,75,85,85,85],"card_choices":[{"not_picked":["Twin Strike","Shrug It Off"],"picked":"Rampage","floor":1},{"not_picked":["Body Slam","Bloodletting"],"picked":"True Grit","floor":2},{"not_picked":["Wild Strike","Body Slam","Flex"],"picked":"SKIP","floor":4},{"not_picked":["Clothesline","Barricade"],"picked":"Combust","floor":6},{"not_picked":["Headbutt","Wild Strike","Body Slam"],"picked":"Armaments","floor":10},{"not_picked":["Twin Strike","Cleave","Headbutt"],"picked":"Shrug It Off","floor":11},{"not_picked":["Sentinel","Infernal Blade","True Grit"],"picked":"Shrug It Off","floor":14}],"player_experience":6101715,"relics_obtained":[{"floor":6,"key":"Strawberry"},{"floor":9,"key":"Question Card"},{"floor":11,"key":"Tiny Chest"},{"floor":12,"key":"Unceasing Top"},{"floor":14,"key":"Pear"}],"event_choices":[{"damage_healed":0,"gold_gain":0,"cards_transformed":["Strike_R"],"player_choice":"Transformed","damage_taken":0,"max_hp_gain":0,"max_hp_loss":0,"event_name":"Transmorgrifier","floor":3,"gold_loss":0,"cards_obtained":["Clothesline"]},{"damage_healed":0,"gold_gain":0,"player_choice":"Lose Max HP","damage_taken":0,"relics_obtained":["Golden Idol"],"max_hp_gain":0,"max_hp_loss":7,"event_name":"Golden Idol","floor":5,"gold_loss":0}],"is_beta":true,"boss_relics":[],"items_purged_floors":[],"is_endless":false,"potions_floor_spawned":[1,4,6,11],"killed_by":"Slime Boss","ascension_level":20}