{"gold_per_floor":[119,25,43,43,55,55,84,100,157,182,215,233,233,250,250,329,329,339,354,1,16,16,16,31,46,46,46],"floor_reached":27,"playtime":1828,"items_purged":[],"score":454,"play_id":"f0f16ad1-3a4a-4c5a-b05f-3236784a9f8f","local_time":"20190424154712","is_ascension_mode":true,"campfire_choices":[{"data":"Bash","floor":6,"key":"SMITH"},{"data":"Anger","floor":13,"key":"SMITH"},{"floor":15,"key":"REST"},{"floor":23,"key":"REST"}],"neow_cost":"NONE","seed_source_timestamp":184646644968897,"circlet_count":0,"master_deck":["AscendersBane","Strike_R","Strike_R","Strike_R","Strike_R+1","Strike_R","Defend_R","Defend_R","Defend_R","Defend_R","Bash+1","Pommel Strike","Anger+1","Feel No Pain","Metallicize","Feel No Pain","Hemokinesis+1","Battle Trance","True Grit","Evolve","Disarm","Reaper","Shrug It Off","Blood for Blood","Headbutt","Heavy Blade"],"relics":["Burning Blood","Centennial Puzzle","Potion Belt","Tiny Chest","Whetstone","Blood Vial","Snecko Eye","Anchor","Pen Nib","Nunchaku"],"potions_floor_usage":[7,19,19,22,27],"damage_taken":[{"damage":6,"enemies":"Cultist","floor":1,"turns":3},{"damage":12,"enemies":"Small Slimes","floor":3,"turns":2},{"damage":9,"enemies":"Jaw Worm","floor":5,"turns":2},{"damage":23,"enemies":"Lagavulin","floor":7,"turns":8},{"damage":26,"enemies":"Exordium Thugs","floor":8,"turns":6},{"damage":7,"enemies":"Gremlin Nob","floor":11,"turns":3},{"damage":11,"enemies":"Lots of Slimes","floor":12,"turns":5},{"damage":5,"enemies":"Large Slime","floor":14,"turns":6},{"damage":45,"enemies":"Slime Boss","floor":16,"turns":10},{"damage":46,"enemies":"Spheric Guardian","floor":18,"turns":8},{"damage":38,"enemies":"Shell Parasite","floor":19,"turns":4},{"damage":8,"enemies":"Centurion and Healer","floor":21,"turns":8},{"damage":55,"enemies":"Colosseum Slavers","floor":22,"turns":6},{"damage":29,"enemies":"Cultist and Chosen","floor":24,"turns":7},{"damage":30,"enemies":"Sentry and Sphere","floor":25,"turns":7},{"damage":18,"enemies":"Snecko","floor":27,"turns":5}],"seed_played":"4106731763122220443","potions_obtained":[{"floor":3,"key":"SpeedPotion"},{"floor":7,"key":"FairyPotion"},{"floor":11,"key":"BloodPotion"},{"floor":16,"key":"Poison Potion"},{"floor":18,"key":"SneckoOil"},{"floor":24,"key":"Ancient Potion"}],"is_trial":false,"path_per_floor":["M","$","M","?","M","R","E","M","T","T","E","M","R","M","R","B",null,"M","M","$","M","?","R","M","M","T","M"],"character_chosen":"IRONCLAD","items_purchased":["Anger","Feel No Pain","Anchor","Pen Nib","Headbutt"],"campfire_rested":2,"item_purchase_floors":[2,2,20,20,20],"current_hp_per_floor":[68,68,62,67,64,64,47,27,27,27,26,23,23,26,50,13,63,25,9,9,17,12,36,23,9,9,0],"gold":46,"neow_bonus":"RANDOM_COMMON_RELIC","is_prod":false,"is_daily":false,"chose_seed":false,"campfire_upgraded":2,"win_rate":0,"timestamp":1556146032,"path_taken":["M","$","?","?","M","R","E","M","T","?","E","?","R","M","R","BOSS","M","?","$","M","?","R","M","M","T","M"],"build_version":"2019-04-23","purchased_purges":0,"victory":false,"max_hp_per_floor":[75,75,75,80,80,80,80,80,80,80,80,80,80,80,80,80,80,80,80,80,80,80,80,80,80,80,80],"card_choices":[{"not_picked":["Cleave","Seeing Red"],"picked":"Pommel Strike","floor":1},{"not_picked":["Pommel Strike","Wild Strike"],"picked":"Metallicize","floor":3},{"not_picked":["Evolve","Dropkick"],"picked":"Feel No Pain","floor":5},{"not_picked":["Sentinel","Pommel Strike"],"picked":"Hemokinesis","floor":7},{"not_picked":["Pommel Strike","Rage"],"picked":"Battle Trance","floor":8},{"not_picked":["Perfected Strike","Feel No Pain"],"picked":"True Grit","floor":11},{"not_picked":["Rage","Twin Strike"],"picked":"Evolve","floor":12},{"not_picked":["Twin Strike","Pummel"],"picked":"Disarm","floor":14},{"not_picked":["Dark Embrace","Brutality"],"picked":"Reaper","floor":16},{"not_picked":["Ghostly Armor","Pommel Strike"],"picked":"Shrug It Off","floor":18},{"not_picked":["Anger","Shrug It Off"],"picked":"Blood for Blood","floor":19},{"not_picked":["Havoc","Dropkick","Clash"],"picked":"SKIP","floor":21},{"not_picked":["Reckless Charge","Thunderclap"],"picked":"Heavy Blade","floor":24},{"not_picked":["Searing Blow","Pommel Strike","Anger"],"picked":"SKIP","floor":25}],"player_experience":5820602,"relics_obtained":[{"floor":7,"key":"Potion Belt"},{"floor":9,"key":"Tiny Chest"},{"floor":10,"key":"Whetstone"},{"floor":11,"key":"Blood Vial"},{"floor":26,"key":"Nunchaku"}],"event_choices":[{"damage_healed":0,"gold_gain":0,"player_choice":"Donut","damage_taken":0,"max_hp_gain":5,"max_hp_loss":0,"event_name":"Big Fish","floor":4,"gold_loss":0},{"damage_healed":0,"gold_gain":0,"player_choice":"Fight","damage_taken":0,"max_hp_gain":0,"max_hp_loss":0,"event_name":"Colosseum","floor":22,"gold_loss":0},{"damage_healed":0,"gold_gain":0,"player_choice":"Fled From Nobs","damage_taken":0,"max_hp_gain":0,"max_hp_loss":0,"event_name":"Colosseum","floor":22,"gold_loss":0}],"is_beta":true,"boss_relics":[{"not_picked":["Calling Bell","Velvet Choker"],"picked":"Snecko Eye"}],"items_purged_floors":[],"is_endless":false,"potions_floor_spawned":[3,7,11,16,18,22,24],"killed_by":"Snecko","ascension_level":20}