{"gold_per_floor":[119,119,62,62,85,129,129,172,227,241,241,87,122,137,137,235,235,253,253,253,267,167,167,200,224,224,224,224],"floor_reached":28,"playtime":2033,"items_purged":["Strike_B","Strike_B"],"score":558,"play_id":"d991d9aa-1a16-4d41-a3ab-6a961a9c437b","local_time":"20190427160022","is_ascension_mode":true,"campfire_choices":[{"data":"Zap","floor":7,"key":"SMITH"},{"data":"Redo","floor":11,"key":"SMITH"},{"data":"Defragment","floor":15,"key":"SMITH"},{"data":"Biased Cognition","floor":23,"key":"SMITH"},{"floor":27,"key":"REST"}],"neow_cost":"NONE","seed_source_timestamp":9259512707322,"circlet_count":0,"master_deck":["AscendersBane","Defend_B","Defend_B+1","Defend_B","Defend_B","Zap+1","Dualcast+1","Conserve Battery","Rip and Tear","Glacier","Undo","Redo+1","Defragment+1","Cold Snap","Hologram","Biased Cognition+1","Consume","Beam Cell","Rainbow","All For One"],"relics":["Cracked Core","Bag of Marbles","Golden Idol","Vajra","Symbiotic Virus","Blood Vial","War Paint","Snecko Eye","Nloth\u0027s Gift","Lantern","Ornamental Fan"],"potions_floor_usage":[8,13,24,24,24,28],"damage_taken":[{"damage":0,"enemies":"Jaw Worm","floor":1,"turns":1},{"damage":0,"enemies":"2 Louse","floor":5,"turns":1},{"damage":0,"enemies":"3 Sentries","floor":6,"turns":1},{"damage":19,"enemies":"Lagavulin","floor":8,"turns":4},{"damage":3,"enemies":"Small Slimes","floor":10,"turns":3},{"damage":7,"enemies":"3 Sentries","floor":13,"turns":8},{"damage":0,"enemies":"2 Fungi Beasts","floor":14,"turns":3},{"damage":5,"enemies":"The Guardian","floor":16,"turns":14},{"damage":0,"enemies":"Spheric Guardian","floor":18,"turns":4},{"damage":0,"enemies":"Chosen","floor":21,"turns":3},{"damage":34,"enemies":"Book of Stabbing","floor":24,"turns":6},{"damage":0,"enemies":"Centurion and Healer","floor":25,"turns":7},{"damage":56,"enemies":"Gremlin Leader","floor":28,"turns":11}],"seed_played":"-7361199189292057853","potions_obtained":[{"floor":8,"key":"Fruit Juice"},{"floor":10,"key":"GamblersBrew"},{"floor":13,"key":"EntropicBrew"},{"floor":25,"key":"Dexterity Potion"}],"is_trial":false,"path_per_floor":["M","?","$","?","M","E","R","E","T","M","R","$","E","M","R","B",null,"M","?","?","M","$","R","E","M","T","R","E"],"character_chosen":"DEFECT","items_purchased":["Poison Potion","Defragment"],"campfire_rested":1,"item_purchase_floors":[3,12],"current_hp_per_floor":[64,46,46,46,46,46,46,27,27,26,26,26,26,28,28,25,58,60,60,60,62,62,62,30,32,32,52,0],"gold":224,"neow_bonus":"THREE_ENEMY_KILL","is_prod":false,"is_daily":false,"chose_seed":false,"campfire_upgraded":4,"win_rate":0,"timestamp":1556406022,"path_taken":["M","?","$","?","M","E","R","E","T","M","R","$","E","M","R","BOSS","M","?","?","?","$","R","E","M","T","R","E"],"build_version":"2019-04-23","purchased_purges":2,"victory":false,"max_hp_per_floor":[71,71,71,64,64,64,64,64,64,64,64,64,69,69,69,69,69,69,69,69,69,69,69,69,69,69,69,69],"card_choices":[{"not_picked":["Stack","Leap"],"picked":"Conserve Battery","floor":1},{"not_picked":["Auto Shields","Capacitor"],"picked":"Rip and Tear","floor":5},{"not_picked":["Gash","Sunder"],"picked":"Glacier","floor":6},{"not_picked":["Reboot","Stack"],"picked":"Undo","floor":8},{"not_picked":["Gash","Cold Snap"],"picked":"Redo","floor":10},{"not_picked":["Hello World","Chaos"],"picked":"Cold Snap","floor":13},{"not_picked":["Glacier","Heatsinks"],"picked":"Hologram","floor":14},{"not_picked":["Core Surge","Echo Form"],"picked":"Biased Cognition","floor":16},{"not_picked":["Ball Lightning","Leap","Steam"],"picked":"SKIP","floor":18},{"not_picked":["Steam+1","Beam Cell","Rebound"],"picked":"SKIP","floor":21},{"not_picked":["Fusion","Beam Cell+1"],"picked":"Rainbow","floor":24},{"not_picked":["Rebound","Reprogram+1"],"picked":"All For One","floor":25}],"player_experience":5900055,"relics_obtained":[{"floor":6,"key":"Vajra"},{"floor":8,"key":"Symbiotic Virus"},{"floor":9,"key":"Blood Vial"},{"floor":13,"key":"War Paint"},{"floor":24,"key":"Lantern"},{"floor":26,"key":"Ornamental Fan"}],"event_choices":[{"damage_healed":0,"gold_gain":0,"player_choice":"Success","damage_taken":18,"relics_obtained":["Bag of Marbles"],"max_hp_gain":0,"max_hp_loss":0,"event_name":"Scrap Ooze","floor":2,"gold_loss":0},{"damage_healed":0,"gold_gain":0,"player_choice":"Lose Max HP","damage_taken":0,"relics_obtained":["Golden Idol"],"max_hp_gain":0,"max_hp_loss":7,"event_name":"Golden Idol","floor":4,"gold_loss":0},{"damage_healed":0,"gold_gain":0,"cards_transformed":["Strike_B","Strike_B"],"player_choice":"Became Test Subject","damage_taken":0,"max_hp_gain":0,"max_hp_loss":0,"event_name":"Drug Dealer","floor":19,"gold_loss":0,"cards_obtained":["Consume","Beam Cell"]},{"damage_healed":0,"gold_gain":0,"player_choice":"Traded Relic","damage_taken":0,"relics_obtained":["Nloth\u0027s Gift"],"max_hp_gain":0,"max_hp_loss":0,"event_name":"N\u0027loth","floor":20,"relics_lost":["NeowsBlessing"],"gold_loss":0}],"is_beta":true,"boss_relics":[{"not_picked":["Ectoplasm","Runic Dome"],"picked":"Snecko Eye"}],"items_purged_floors":[12,22],"is_endless":false,"potions_floor_spawned":[8,10,13,21,25],"killed_by":"Gremlin Leader","ascension_level":20}