{"gold_per_floor":[112,37,37,52,52,52,86,86,86,98,128,141,41,52,52,123,123,133,133,133,144,144,144,171,171,171,171,186,286,304,318,318,390,390,402,101,119,136,186,216,216,229,256,256,275,275,291,73,73,73,73,73,73,20,52,52],"floor_reached":57,"playtime":3956,"items_purged":["Strike_R","Strike_R","Strike_R"],"score":2628,"play_id":"0d253e89-de18-4127-abfc-3bcfddddfe2b","local_time":"20190427170648","is_ascension_mode":true,"campfire_choices":[{"data":"Defend_R","floor":6,"key":"SMITH"},{"floor":8,"key":"REST"},{"data":"Rampage","floor":15,"key":"SMITH"},{"data":"J.A.X.","floor":23,"key":"SMITH"},{"floor":27,"key":"REST"},{"data":"Limit Break","floor":32,"key":"SMITH"},{"data":"Strike_R","floor":44,"key":"PURGE"},{"floor":49,"key":"RECALL"},{"data":"Immolate","floor":53,"key":"PURGE"}],"neow_cost":"NONE","seed_source_timestamp":11303909675717,"circlet_count":0,"master_deck":["AscendersBane","Defend_R+1","Defend_R","Defend_R","Defend_R+1","Bash+1","Rampage+1","Headbutt","Havoc","Battle Trance","Limit Break+1","J.A.X.+1","Shrug It Off","True Grit","Corruption","Sword Boomerang+1","Reaper","Armaments+1","Feed","Limit Break","Limit Break","Heavy Blade+1","Flex","Feel No Pain+1"],"relics":["Burning Blood","Singing Bowl","Centennial Puzzle","Gambling Chip","Runic Pyramid","Pen Nib","Shuriken","Strawberry","Peace Pipe","Question Card","Sozu","Unceasing Top","Potion Belt","ClockworkSouvenir","Lantern"],"potions_floor_usage":[11,22,28,33,56],"damage_taken":[{"damage":17,"enemies":"2 Louse","floor":1,"turns":4},{"damage":1,"enemies":"Small Slimes","floor":4,"turns":3},{"damage":28,"enemies":"3 Sentries","floor":7,"turns":11},{"damage":0,"enemies":"Jaw Worm","floor":10,"turns":3},{"damage":19,"enemies":"Gremlin Nob","floor":11,"turns":4},{"damage":1,"enemies":"2 Fungi Beasts","floor":12,"turns":3},{"damage":3,"enemies":"Exordium Thugs","floor":14,"turns":5},{"damage":14,"enemies":"The Guardian","floor":16,"turns":13},{"damage":25,"enemies":"3 Byrds","floor":18,"turns":4},{"damage":6,"enemies":"Spheric Guardian","floor":21,"turns":3},{"damage":11,"enemies":"Centurion and Healer","floor":22,"turns":3},{"damage":34,"enemies":"Gremlin Leader","floor":24,"turns":5},{"damage":12,"enemies":"Snake Plant","floor":28,"turns":3},{"damage":22,"enemies":"Colosseum Slavers","floor":29,"turns":2},{"damage":10,"enemies":"Colosseum Nobs","floor":29,"turns":3},{"damage":3,"enemies":"Snecko","floor":30,"turns":4},{"damage":6,"enemies":"Centurion and Healer","floor":31,"turns":4},{"damage":32,"enemies":"Collector","floor":33,"turns":4},{"damage":41,"enemies":"3 Darklings","floor":35,"turns":4},{"damage":6,"enemies":"Orb Walker","floor":37,"turns":3},{"damage":67,"enemies":"3 Darklings","floor":38,"turns":6},{"damage":37,"enemies":"2 Orb Walkers","floor":39,"turns":4},{"damage":55,"enemies":"Nemesis","floor":40,"turns":5},{"damage":63,"enemies":"4 Shapes","floor":42,"turns":7},{"damage":23,"enemies":"Maw","floor":45,"turns":5},{"damage":26,"enemies":"Jaw Worm Horde","floor":47,"turns":3},{"damage":36,"enemies":"Donu and Deca","floor":50,"turns":4},{"damage":156,"enemies":"Time Eater","floor":51,"turns":8},{"damage":129,"enemies":"Shield and Spear","floor":55,"turns":5},{"damage":163,"enemies":"The Heart","floor":56,"turns":8}],"seed_played":"6311343169098995169","potions_obtained":[{"floor":1,"key":"Ancient Potion"},{"floor":7,"key":"SkillPotion"},{"floor":12,"key":"SmokeBomb"},{"floor":29,"key":"SkillPotion"},{"floor":31,"key":"Dexterity Potion"}],"is_trial":false,"path_per_floor":["M","$","?","M","?","R","E","R","T","M","E","M","$","M","R","B",null,"M","?","?","M","M","R","E","T","T","R","M","?","M","M","R","B",null,"M","$","M","M","?","E","?","M","T","R","M","?","M","$","R","B","B",null,"R","$","E","B",null],"character_chosen":"IRONCLAD","items_purchased":["Feed","ClockworkSouvenir","Flex"],"campfire_rested":2,"item_purchase_floors":[36,48,54],"current_hp_per_floor":[64,64,39,44,44,44,24,49,49,57,44,49,49,52,52,44,76,59,59,59,59,54,54,26,26,33,61,55,35,38,40,40,14,76,81,81,103,107,102,116,116,122,122,122,128,124,138,138,138,142,105,135,135,135,145,90],"gold":52,"neow_bonus":"TEN_PERCENT_HP_BONUS","is_prod":false,"is_daily":false,"chose_seed":false,"campfire_upgraded":4,"win_rate":0,"timestamp":1556410008,"path_taken":["M","$","?","M","?","R","E","R","T","M","E","M","$","M","R","BOSS","M","?","?","M","M","R","E","?","T","R","M","?","M","?","R","BOSS","M","$","M","M","?","E","?","M","T","R","M","?","M","?","R","BOSS","BOSS","R","$","E","BOSS"],"build_version":"2019-04-23","purchased_purges":3,"victory":true,"max_hp_per_floor":[82,82,82,82,82,82,84,84,84,86,86,86,86,86,86,86,86,88,88,88,88,88,88,88,88,95,95,95,95,95,97,97,97,97,97,97,103,107,113,116,116,122,122,122,128,134,138,138,138,142,145,145,145,145,145,145],"card_choices":[{"not_picked":["Havoc","Heavy Blade"],"picked":"Rampage","floor":1},{"not_picked":["Dropkick","Hemokinesis"],"picked":"Headbutt","floor":4},{"not_picked":["Clothesline","Thunderclap","Cleave"],"picked":"Singing Bowl","floor":7},{"not_picked":["Sword Boomerang","Heavy Blade","Infernal Blade"],"picked":"Singing Bowl","floor":10},{"not_picked":["Ghostly Armor","Uppercut"],"picked":"Combust","floor":11},{"not_picked":["Anger","Dual Wield"],"picked":"Havoc","floor":12},{"not_picked":["Blood for Blood","Anger"],"picked":"Battle Trance","floor":14},{"not_picked":["Brutality","Barricade"],"picked":"Limit Break","floor":16},{"not_picked":["Perfected Strike","Pommel Strike","Pummel"],"picked":"Singing Bowl","floor":18},{"not_picked":["Perfected Strike","Pommel Strike"],"picked":"Immolate","floor":21},{"not_picked":["Cleave","Demon Form"],"picked":"Shrug It Off","floor":24},{"not_picked":["Shrug It Off","Hemokinesis"],"picked":"True Grit","floor":28},{"not_picked":["Metallicize","Heavy Blade"],"picked":"Corruption","floor":29},{"not_picked":["Warcry","Pommel Strike","Twin Strike"],"picked":"Sword Boomerang+1","floor":30},{"not_picked":["Iron Wave","Intimidate","Wild Strike","Body Slam"],"picked":"Singing Bowl","floor":31},{"not_picked":["Fiend Fire","Double Tap","Demon Form"],"picked":"Reaper","floor":33},{"not_picked":["Warcry","Havoc","Iron Wave+1"],"picked":"Armaments+1","floor":35},{"not_picked":["Pummel","Ghostly Armor","Reckless Charge","Rupture"],"picked":"Singing Bowl","floor":37},{"not_picked":["Corruption","True Grit","Havoc+1"],"picked":"Limit Break","floor":38},{"not_picked":["Anger","Cleave","Rage","Sword Boomerang"],"picked":"Singing Bowl","floor":39},{"not_picked":["Perfected Strike+1","Shockwave","Sword Boomerang"],"picked":"Limit Break","floor":40},{"not_picked":["Infernal Blade","Twin Strike","Pommel Strike","Iron Wave"],"picked":"Singing Bowl","floor":42},{"not_picked":["Clothesline","Dropkick","Iron Wave","Blood for Blood"],"picked":"Singing Bowl","floor":45},{"not_picked":["Enlightenment","Apotheosis","Trip","Magnetism"],"picked":"Singing Bowl","floor":46},{"not_picked":["Forethought","Panacea","HandOfGreed","Dark Shackles"],"picked":"Singing Bowl","floor":46},{"not_picked":["Secret Weapon","Flash of Steel","Discovery","Panacea"],"picked":"Singing Bowl","floor":46},{"not_picked":["Shockwave","Body Slam","Thunderclap"],"picked":"Heavy Blade+1","floor":47},{"not_picked":["Rupture+1","Headbutt","Sentinel"],"picked":"Feel No Pain+1","floor":55}],"player_experience":5902088,"relics_obtained":[{"floor":7,"key":"Singing Bowl"},{"floor":9,"key":"Centennial Puzzle"},{"floor":11,"key":"Gambling Chip"},{"floor":24,"key":"Pen Nib"},{"floor":25,"key":"Shuriken"},{"floor":26,"key":"Strawberry"},{"floor":29,"key":"Peace Pipe"},{"floor":29,"key":"Question Card"},{"floor":39,"key":"Unceasing Top"},{"floor":40,"key":"Potion Belt"},{"floor":55,"key":"Lantern"}],"event_choices":[{"damage_healed":0,"gold_gain":0,"player_choice":"Entered Light","damage_taken":25,"max_hp_gain":0,"max_hp_loss":0,"event_name":"Shining Light","floor":3,"gold_loss":0,"cards_upgraded":["Defend_R","Bash"]},{"cards_removed":["Strike_R"],"damage_healed":0,"gold_gain":0,"player_choice":"Forget","damage_taken":0,"max_hp_gain":0,"max_hp_loss":0,"event_name":"Living Wall","floor":5,"gold_loss":0},{"damage_healed":0,"gold_gain":0,"player_choice":"Ignored","damage_taken":0,"max_hp_gain":0,"max_hp_loss":0,"event_name":"The Mausoleum","floor":19,"gold_loss":0},{"damage_healed":0,"gold_gain":0,"player_choice":"Obtain J.A.X.","damage_taken":0,"max_hp_gain":0,"max_hp_loss":0,"event_name":"Drug Dealer","floor":20,"gold_loss":0,"cards_obtained":["J.A.X."]},{"damage_healed":0,"gold_gain":0,"player_choice":"Fight","damage_taken":0,"max_hp_gain":0,"max_hp_loss":0,"event_name":"Colosseum","floor":29,"gold_loss":0},{"damage_healed":0,"gold_gain":0,"player_choice":"Fought Nobs","damage_taken":0,"max_hp_gain":0,"max_hp_loss":0,"event_name":"Colosseum","floor":29,"gold_loss":0},{"damage_healed":0,"gold_gain":0,"player_choice":"Fight","damage_taken":0,"max_hp_gain":0,"max_hp_loss":0,"event_name":"Mysterious Sphere","floor":39,"gold_loss":0},{"cards_removed":["Combust"],"damage_healed":0,"gold_gain":0,"player_choice":"Removed Power","damage_taken":0,"max_hp_gain":0,"max_hp_loss":0,"event_name":"Falling","floor":41,"gold_loss":0},{"damage_healed":0,"gold_gain":0,"player_choice":"Memory 3","damage_taken":10,"max_hp_gain":0,"max_hp_loss":0,"event_name":"SensoryStone","floor":46,"gold_loss":0}],"is_beta":true,"boss_relics":[{"not_picked":["White Beast Statue","Runic Cube"],"picked":"Runic Pyramid"},{"not_picked":["Cursed Key","Snecko Eye"],"picked":"Sozu"}],"items_purged_floors":[2,13,36],"is_endless":false,"potions_floor_spawned":[1,7,12,22,29,29,31,38,39],"ascension_level":20}