{"gold_per_floor":[18,33,33,53,128,128,153,153,153,153,113,131,141,191,191,268,268,284,304,319,337,31,31,63,63,109,140,10,10,10,44,44,120,120,136,1135,122,133,133,158,158,189,189,189,208,208,224,234,234,234,234,234,234,9,42,42],"floor_reached":57,"playtime":5221,"items_purged":["Strike_B","Normality"],"score":2721,"play_id":"2938d834-378e-488e-8a73-fc7edd3b85b8","local_time":"20190503172252","is_ascension_mode":true,"campfire_choices":[{"data":"Zap","floor":6,"key":"SMITH"},{"data":"Defragment","floor":8,"key":"SMITH"},{"data":"Strike_B","floor":10,"key":"PURGE"},{"floor":15,"key":"REST"},{"floor":23,"key":"REST"},{"floor":25,"key":"REST"},{"floor":29,"key":"REST"},{"data":"Capacitor","floor":32,"key":"SMITH"},{"data":"Biased Cognition","floor":41,"key":"SMITH"},{"data":"Normality","floor":44,"key":"PURGE"},{"floor":46,"key":"RECALL"},{"data":"Loop","floor":49,"key":"SMITH"},{"data":"Defend_B","floor":53,"key":"PURGE"}],"neow_cost":"NO_GOLD","seed_source_timestamp":283022710195044,"circlet_count":0,"master_deck":["AscendersBane","Strike_B","Strike_B","Defend_B","Defend_B","Defend_B","Zap+1","Dualcast","Ball Lightning","Defragment+1","Stack+1","Sweeping Beam","Biased Cognition+1","White Noise+1","Skim+1","Genetic Algorithm+1","Chill+1","Self Repair","Reprogram+1","Leap+1","Capacitor+1","Recycle+1","Static Discharge","Go for the Eyes","Chaos+1","Hologram+1","Electrodynamics","Conserve Battery+1","White Noise+1","Secret Technique+1","Loop+1","Stack+1","Reprogram+1","Stack+1","Coolheaded+1","Aggregate+1","Coolheaded+1","Stack+1","Consume+1","Coolheaded+1"],"relics":["Cracked Core","Nunchaku","Torii","Peace Pipe","Toxic Egg 2","Orrery","OrangePellets","Blue Candle","Red Mask","Happy Flower","Inserter","Cables","Pantograph","Prayer Wheel","Mummified Hand","Ice Cream","Oddly Smooth Stone","Bottled Lightning"],"potions_floor_usage":[7,13,16,20,27,33,55,56,56],"damage_taken":[{"damage":7,"enemies":"Jaw Worm","floor":1,"turns":3},{"damage":1,"enemies":"Cultist","floor":2,"turns":4},{"damage":1,"enemies":"Small Slimes","floor":4,"turns":3},{"damage":8,"enemies":"Gremlin Nob","floor":7,"turns":3},{"damage":8,"enemies":"Blue Slaver","floor":12,"turns":3},{"damage":11,"enemies":"Exordium Thugs","floor":13,"turns":4},{"damage":25,"enemies":"Slime Boss","floor":16,"turns":9},{"damage":16,"enemies":"Chosen","floor":18,"turns":6},{"damage":9,"enemies":"Shell Parasite","floor":19,"turns":5},{"damage":26,"enemies":"Snake Plant","floor":20,"turns":4},{"damage":8,"enemies":"Chosen and Byrds","floor":21,"turns":6},{"damage":38,"enemies":"Slavers","floor":24,"turns":5},{"damage":24,"enemies":"Masked Bandits","floor":27,"turns":5},{"damage":6,"enemies":"Book of Stabbing","floor":31,"turns":5},{"damage":1,"enemies":"Champ","floor":33,"turns":8},{"damage":6,"enemies":"Orb Walker","floor":35,"turns":4},{"damage":0,"enemies":"3 Darklings","floor":38,"turns":4},{"damage":1,"enemies":"Giant Head","floor":40,"turns":11},{"damage":5,"enemies":"Nemesis","floor":42,"turns":11},{"damage":0,"enemies":"Sphere and 2 Shapes","floor":45,"turns":3},{"damage":1,"enemies":"4 Shapes","floor":47,"turns":4},{"damage":0,"enemies":"Jaw Worm Horde","floor":48,"turns":3},{"damage":7,"enemies":"Awakened One","floor":50,"turns":15},{"damage":1,"enemies":"Donu and Deca","floor":51,"turns":10},{"damage":28,"enemies":"Shield and Spear","floor":55,"turns":8},{"damage":58,"enemies":"The Heart","floor":56,"turns":13}],"seed_played":"-1118682018408121609","potions_obtained":[{"floor":1,"key":"Fire Potion"},{"floor":11,"key":"SpeedPotion"},{"floor":11,"key":"Ancient Potion"},{"floor":18,"key":"Energy Potion"},{"floor":21,"key":"GamblersBrew"},{"floor":31,"key":"LiquidBronze"},{"floor":35,"key":"Strength Potion"},{"floor":38,"key":"SkillPotion"},{"floor":47,"key":"PowerPotion"},{"floor":55,"key":"Weak Potion"}],"is_trial":false,"path_per_floor":["M","M","?","M","?","R","E","R","T","R","?","M","M","?","R","B",null,"M","M","M","M","$","R","E","R","T","?","$","R","?","E","R","B",null,"M","?","$","M","?","E","R","E","T","R","M","R","M","M","R","B","B",null,"R","$","E","B",null],"character_chosen":"DEFECT","items_purchased":["OrangePellets","Static Discharge","Explosive Potion","White Noise+1","Secret Technique+1","Cables","Pantograph","Loop","SpeedPotion","Oddly Smooth Stone"],"campfire_rested":4,"item_purchase_floors":[22,22,28,37,37,37,37,37,54,54],"current_hp_per_floor":[57,56,56,55,44,44,36,36,36,36,36,28,17,17,38,13,57,48,53,34,33,33,54,23,44,44,27,27,48,38,32,32,38,63,64,64,64,71,71,71,71,71,71,71,71,71,71,71,71,71,71,71,71,71,50,20],"gold":42,"neow_bonus":"ONE_RARE_RELIC","is_prod":false,"is_daily":false,"chose_seed":false,"campfire_upgraded":5,"win_rate":0,"timestamp":1556929372,"path_taken":["M","M","?","?","?","R","E","R","T","R","?","M","?","?","R","BOSS","M","?","M","?","$","R","E","R","T","?","$","R","?","E","R","BOSS","M","?","$","M","?","E","R","E","T","R","M","R","M","M","R","BOSS","BOSS","R","$","E","BOSS"],"build_version":"2019-04-23","purchased_purges":2,"victory":true,"max_hp_per_floor":[71,71,71,71,71,71,71,71,71,71,71,71,71,71,71,71,71,71,71,71,71,71,71,71,71,71,71,71,71,71,71,71,71,71,71,71,71,71,71,71,71,71,71,71,71,71,71,71,71,71,71,71,71,71,71,71],"card_choices":[{"not_picked":["Aggregate","Steam"],"picked":"Hologram","floor":1},{"not_picked":["Cold Snap","Coolheaded"],"picked":"Ball Lightning","floor":2},{"not_picked":["Steam","Skim","Rebound"],"picked":"SKIP","floor":4},{"not_picked":["Fusion","Amplify"],"picked":"Defragment","floor":7},{"not_picked":["Fusion+1","Auto Shields+1"],"picked":"Stack+1","floor":12},{"not_picked":["Gash","Stack+1"],"picked":"Sweeping Beam","floor":13},{"not_picked":["Core Surge","Reboot+1"],"picked":"Biased Cognition","floor":16},{"not_picked":["Streamline","Gash"],"picked":"White Noise+1","floor":17},{"not_picked":["Turbo+1","Gash"],"picked":"Skim+1","floor":17},{"not_picked":["Blizzard","Heatsinks"],"picked":"Genetic Algorithm+1","floor":17},{"not_picked":["Turbo+1","Double Energy+1"],"picked":"Chill+1","floor":17},{"not_picked":["Beam Cell","Blizzard"],"picked":"Self Repair","floor":17},{"not_picked":["Barrage","Steam+1"],"picked":"Reprogram+1","floor":18},{"not_picked":["Storm","Cold Snap"],"picked":"Leap+1","floor":19},{"not_picked":["Compile Driver","Streamline"],"picked":"Capacitor","floor":20},{"not_picked":["Steam+1","Barrage"],"picked":"Recycle+1","floor":21},{"not_picked":["Rip and Tear","Consume+1"],"picked":"Go for the Eyes","floor":24},{"not_picked":["Reinforced Body+1","Blizzard+1"],"picked":"Chaos+1","floor":27},{"not_picked":["FTL","Blizzard+1"],"picked":"Hologram+1","floor":31},{"not_picked":["Reboot+1","Hyperbeam"],"picked":"Electrodynamics","floor":33},{"not_picked":["Turbo+1","Redo+1"],"picked":"Conserve Battery+1","floor":35},{"not_picked":["Sweeping Beam","Compile Driver"],"picked":"Stack+1","floor":38},{"not_picked":["Go for the Eyes","Double Energy+1"],"picked":"Reprogram+1","floor":40},{"not_picked":["Gash","Barrage+1"],"picked":"Stack+1","floor":42},{"not_picked":["Barrage+1","Melter"],"picked":"Coolheaded+1","floor":45},{"not_picked":["Leap+1","Reprogram+1"],"picked":"Aggregate+1","floor":45},{"not_picked":["Steam+1","Lockon"],"picked":"Coolheaded+1","floor":47},{"not_picked":["All For One","Barrage"],"picked":"Stack+1","floor":47},{"not_picked":["Doom and Gloom","Rebound"],"picked":"Consume+1","floor":48},{"not_picked":["Chill+1","Rainbow+1","Turbo+1"],"picked":"SKIP","floor":48},{"not_picked":["Loop","Gash"],"picked":"Coolheaded+1","floor":55}],"player_experience":6102741,"relics_obtained":[{"floor":7,"key":"Peace Pipe"},{"floor":9,"key":"Toxic Egg 2"},{"floor":24,"key":"Blue Candle"},{"floor":27,"key":"Red Mask"},{"floor":31,"key":"Happy Flower"},{"floor":40,"key":"Prayer Wheel"},{"floor":42,"key":"Mummified Hand"},{"floor":43,"key":"Ice Cream"},{"floor":55,"key":"Bottled Lightning"}],"event_choices":[{"cards_removed":["Hologram"],"damage_healed":0,"gold_gain":0,"player_choice":"Gave Card","damage_taken":0,"relics_obtained":["Torii"],"max_hp_gain":0,"max_hp_loss":0,"event_name":"WeMeetAgain","floor":3,"gold_loss":0},{"damage_healed":0,"gold_gain":75,"player_choice":"Gather Gold","damage_taken":11,"max_hp_gain":0,"max_hp_loss":0,"event_name":"World of Goop","floor":5,"gold_loss":0},{"damage_healed":0,"gold_gain":0,"player_choice":"Bought 3 Potions","damage_taken":0,"max_hp_gain":0,"max_hp_loss":0,"event_name":"The Woman in Blue","floor":11,"gold_loss":0},{"damage_healed":0,"gold_gain":50,"player_choice":"Pray","damage_taken":0,"max_hp_gain":0,"max_hp_loss":0,"event_name":"Golden Shrine","floor":14,"gold_loss":0},{"damage_healed":0,"gold_gain":0,"player_choice":"Fought Bandits","damage_taken":0,"max_hp_gain":0,"max_hp_loss":0,"event_name":"Masked Bandits","floor":27,"gold_loss":0},{"damage_healed":0,"gold_gain":0,"player_choice":"Damaged","damage_taken":10,"max_hp_gain":0,"max_hp_loss":0,"event_name":"Wheel of Change","floor":30,"gold_loss":0},{"damage_healed":0,"gold_gain":999,"player_choice":"Gold","damage_taken":0,"max_hp_gain":0,"max_hp_loss":0,"event_name":"MindBloom","floor":36,"gold_loss":0,"cards_obtained":["Normality","Normality"]},{"damage_healed":0,"gold_gain":0,"player_choice":"Ignored","damage_taken":0,"max_hp_gain":0,"max_hp_loss":0,"event_name":"Mysterious Sphere","floor":39,"gold_loss":0}],"is_beta":true,"boss_relics":[{"not_picked":["Velvet Choker","Busted Crown"],"picked":"Orrery"},{"not_picked":["FrozenCore","Calling Bell"],"picked":"Inserter"}],"items_purged_floors":[28,37],"is_endless":false,"potions_floor_spawned":[1,18,21,31,35,38,47,55],"ascension_level":20}