{"gold_per_floor":[212,212,222,2,21,46,46,75,121,121,140,140,140,160,160,234,234,254,269,289,138,238,273,273,285,285,285,143,143,154,169,169,241,241,252,252,266,62,62,62,76,109,109,127,162,182,182,200,200,200,200,200,200,31,57,57],"floor_reached":57,"playtime":4235,"items_purged":["Strike_R","Strike_R","Strike_R"],"score":2688,"play_id":"0be7e0ef-203e-44b6-8d14-3c9c38070102","local_time":"20190503183410","is_ascension_mode":true,"campfire_choices":[{"data":"Spot Weakness","floor":10,"key":"SMITH"},{"data":"Bash","floor":12,"key":"SMITH"},{"data":"True Grit","floor":15,"key":"SMITH"},{"data":"Shockwave","floor":24,"key":"SMITH"},{"data":"Heavy Blade","floor":29,"key":"SMITH"},{"data":"Spot Weakness","floor":32,"key":"SMITH"},{"data":"Feed","floor":40,"key":"SMITH"},{"floor":49,"key":"RECALL"},{"data":"Dual Wield","floor":53,"key":"SMITH"}],"neow_cost":"NONE","seed_source_timestamp":288277609460096,"circlet_count":0,"master_deck":["AscendersBane","Defend_R","Defend_R","Defend_R","Defend_R","Bash+1","Clothesline+1","Spot Weakness+1","Reaper","Inflame+1","True Grit+1","Metallicize+1","Demon Form+1","Feel No Pain+1","Shockwave+1","Heavy Blade+1","Spot Weakness+1","Feed+1","Flash of Steel","Anger","Heavy Blade+1","Exhume","Corruption+1","Flame Barrier","Burning Pact+1","Shockwave","Dual Wield+1","Burning Pact+1","Shrug It Off","Shrug It Off","Limit Break","Uppercut","Feel No Pain+1"],"relics":["Burning Blood","Gremlin Horn","Orichalcum","Vajra","Frozen Egg 2","Sozu","Nunchaku","Pantograph","Smiling Mask","Bag of Preparation","Velvet Choker","Centennial Puzzle","Singing Bowl","Torii","Unceasing Top"],"potions_floor_usage":[8,56,56],"damage_taken":[{"damage":11,"enemies":"Jaw Worm","floor":1,"turns":5},{"damage":1,"enemies":"Cultist","floor":3,"turns":3},{"damage":1,"enemies":"Small Slimes","floor":5,"turns":3},{"damage":30,"enemies":"3 Sentries","floor":6,"turns":7},{"damage":12,"enemies":"Gremlin Nob","floor":8,"turns":4},{"damage":4,"enemies":"2 Fungi Beasts","floor":11,"turns":3},{"damage":14,"enemies":"Gremlin Gang","floor":14,"turns":3},{"damage":42,"enemies":"Slime Boss","floor":16,"turns":12},{"damage":24,"enemies":"2 Thieves","floor":18,"turns":4},{"damage":23,"enemies":"Shell Parasite","floor":19,"turns":7},{"damage":13,"enemies":"Shelled Parasite and Fungi","floor":20,"turns":7},{"damage":27,"enemies":"Colosseum Slavers","floor":22,"turns":4},{"damage":14,"enemies":"Colosseum Nobs","floor":22,"turns":5},{"damage":24,"enemies":"Book of Stabbing","floor":23,"turns":5},{"damage":25,"enemies":"Chosen and Byrds","floor":25,"turns":6},{"damage":24,"enemies":"Snake Plant","floor":30,"turns":6},{"damage":9,"enemies":"Centurion and Healer","floor":31,"turns":6},{"damage":78,"enemies":"Automaton","floor":33,"turns":8},{"damage":5,"enemies":"Orb Walker","floor":35,"turns":2},{"damage":7,"enemies":"3 Shapes","floor":37,"turns":9},{"damage":12,"enemies":"Jaw Worm Horde","floor":41,"turns":6},{"damage":56,"enemies":"Nemesis","floor":42,"turns":8},{"damage":7,"enemies":"4 Shapes","floor":44,"turns":8},{"damage":31,"enemies":"Reptomancer","floor":45,"turns":8},{"damage":35,"enemies":"Transient","floor":46,"turns":6},{"damage":18,"enemies":"3 Darklings","floor":48,"turns":6},{"damage":27,"enemies":"Donu and Deca","floor":50,"turns":7},{"damage":62,"enemies":"Awakened One","floor":51,"turns":9},{"damage":68,"enemies":"Shield and Spear","floor":55,"turns":6},{"damage":163,"enemies":"The Heart","floor":56,"turns":13}],"seed_played":"8993135925673111989","potions_obtained":[{"floor":1,"key":"Block Potion"},{"floor":6,"key":"GamblersBrew"},{"floor":11,"key":"Ancient Potion"},{"floor":16,"key":"SpeedPotion"}],"is_trial":false,"path_per_floor":["M","?","M","$","M","E","?","E","T","R","M","R","?","M","R","B",null,"M","M","M","$","?","E","R","M","T","?","$","R","M","M","R","B",null,"M","?","M","$","?","R","M","E","T","M","E","M","?","M","R","B","B",null,"R","$","E","B",null],"character_chosen":"IRONCLAD","items_purchased":["Orichalcum","PowerPotion","Spot Weakness","Flash of Steel","Corruption+1","Flame Barrier","Limit Break","Uppercut"],"campfire_rested":0,"item_purchase_floors":[4,4,21,28,38,38,54,54],"current_hp_per_floor":[63,63,68,68,73,49,42,36,36,36,47,47,47,67,67,47,68,66,75,75,75,75,57,57,41,41,37,37,37,37,84,84,27,70,78,78,83,83,83,83,98,52,52,110,111,114,108,112,112,120,99,118,118,118,101,12],"gold":57,"neow_bonus":"HUNDRED_GOLD","is_prod":false,"is_daily":false,"chose_seed":false,"campfire_upgraded":8,"win_rate":0,"timestamp":1556933650,"path_taken":["M","?","M","$","?","E","?","E","T","R","M","R","?","M","R","BOSS","M","M","?","$","?","E","R","M","T","?","$","R","?","M","R","BOSS","M","?","?","$","?","R","M","E","T","?","E","M","?","M","R","BOSS","BOSS","R","$","E","BOSS"],"build_version":"2019-04-23","purchased_purges":3,"victory":true,"max_hp_per_floor":[75,75,75,75,75,75,75,75,75,75,75,75,75,75,75,75,75,75,75,75,75,75,75,75,78,78,78,78,78,81,84,84,84,84,84,84,90,90,90,90,98,102,102,110,114,114,108,112,112,120,124,124,124,124,124,124],"card_choices":[{"not_picked":["Havoc","Intimidate"],"picked":"Sword Boomerang","floor":1},{"not_picked":["Intimidate","Burning Pact"],"picked":"Clothesline","floor":3},{"not_picked":["Infernal Blade","Iron Wave"],"picked":"Spot Weakness","floor":5},{"not_picked":["Spot Weakness","Hemokinesis"],"picked":"Reaper","floor":6},{"not_picked":["Burning Pact","Second Wind"],"picked":"Inflame","floor":8},{"not_picked":["Wild Strike","Iron Wave"],"picked":"True Grit","floor":11},{"not_picked":["Headbutt","Seeing Red"],"picked":"Metallicize+1","floor":14},{"not_picked":["Fiend Fire","Barricade+1"],"picked":"Demon Form+1","floor":16},{"not_picked":["Body Slam","Warcry"],"picked":"Feel No Pain+1","floor":18},{"not_picked":["Power Through","Warcry"],"picked":"Shockwave","floor":19},{"not_picked":["Thunderclap","Rupture+1"],"picked":"Heavy Blade","floor":20},{"not_picked":["Searing Blow","Armaments"],"picked":"Feed","floor":22},{"not_picked":["Anger","Cleave+1","Reckless Charge"],"picked":"SKIP","floor":23},{"not_picked":["Perfected Strike","Twin Strike","Fire Breathing+1"],"picked":"SKIP","floor":25},{"not_picked":["True Grit","Twin Strike"],"picked":"Anger","floor":30},{"not_picked":["Reckless Charge","Iron Wave"],"picked":"Heavy Blade+1","floor":31},{"not_picked":["Brutality+1","Double Tap"],"picked":"Exhume","floor":33},{"not_picked":["Carnage+1","Body Slam","Iron Wave+1"],"picked":"SKIP","floor":35},{"not_picked":["Headbutt","Clothesline","Bloodletting"],"picked":"SKIP","floor":37},{"not_picked":["Iron Wave","Twin Strike+1"],"picked":"Burning Pact+1","floor":41},{"not_picked":["Sever Soul","Clothesline"],"picked":"Shockwave","floor":42},{"not_picked":["Pummel","Rage"],"picked":"Dual Wield","floor":44},{"not_picked":["Sword Boomerang+1","Warcry+1"],"picked":"Burning Pact+1","floor":45},{"not_picked":["Wild Strike+1","Sword Boomerang"],"picked":"Shrug It Off","floor":46},{"not_picked":["Warcry+1","Sword Boomerang+1"],"picked":"Shrug It Off","floor":48},{"not_picked":["Iron Wave","Entrench"],"picked":"Feel No Pain+1","floor":55}],"player_experience":6107962,"relics_obtained":[{"floor":6,"key":"Vajra"},{"floor":8,"key":"Frozen Egg 2"},{"floor":22,"key":"Nunchaku"},{"floor":22,"key":"Pantograph"},{"floor":23,"key":"Smiling Mask"},{"floor":26,"key":"Bag of Preparation"},{"floor":42,"key":"Centennial Puzzle"},{"floor":43,"key":"Singing Bowl"},{"floor":45,"key":"Torii"},{"floor":55,"key":"Unceasing Top"}],"event_choices":[{"cards_removed":["Sword Boomerang"],"damage_healed":0,"gold_gain":0,"player_choice":"Gave Card","damage_taken":0,"relics_obtained":["Gremlin Horn"],"max_hp_gain":0,"max_hp_loss":0,"event_name":"WeMeetAgain","floor":2,"gold_loss":0},{"cards_removed":["Strike_R"],"damage_healed":0,"gold_gain":0,"player_choice":"Card Removal","damage_taken":7,"max_hp_gain":0,"max_hp_loss":0,"event_name":"Golden Wing","floor":7,"gold_loss":0},{"damage_healed":0,"gold_gain":0,"player_choice":"Upgraded","damage_taken":0,"max_hp_gain":0,"max_hp_loss":0,"event_name":"Upgrade Shrine","floor":13,"gold_loss":0,"cards_upgraded":["Clothesline"]},{"damage_healed":0,"gold_gain":0,"player_choice":"Fight","damage_taken":0,"max_hp_gain":0,"max_hp_loss":0,"event_name":"Colosseum","floor":22,"gold_loss":0},{"damage_healed":0,"gold_gain":0,"player_choice":"Fought Nobs","damage_taken":0,"max_hp_gain":0,"max_hp_loss":0,"event_name":"Colosseum","floor":22,"gold_loss":0},{"damage_healed":0,"gold_gain":0,"player_choice":"Bought 0 Potions","damage_taken":0,"max_hp_gain":0,"max_hp_loss":0,"event_name":"The Woman in Blue","floor":27,"gold_loss":0},{"cards_removed":["Strike_R"],"damage_healed":0,"gold_gain":0,"player_choice":"Offered Basic","damage_taken":0,"max_hp_gain":0,"max_hp_loss":0,"event_name":"Bonfire Elementals","floor":36,"gold_loss":0},{"damage_healed":0,"gold_gain":0,"player_choice":"Ignored","damage_taken":0,"max_hp_gain":0,"max_hp_loss":0,"event_name":"SecretPortal","floor":39,"gold_loss":0},{"damage_healed":0,"gold_gain":0,"player_choice":"Max HP","damage_taken":0,"max_hp_gain":0,"max_hp_loss":6,"event_name":"Winding Halls","floor":47,"gold_loss":0}],"is_beta":true,"boss_relics":[{"not_picked":["Lizard Tail","Ectoplasm"],"picked":"Sozu"},{"not_picked":["Runic Cube","Eternal Feather"],"picked":"Velvet Choker"}],"items_purged_floors":[21,28,38],"is_endless":false,"potions_floor_spawned":[1,6,11,16,19,20,22,30,31,35,42,44,45,55],"ascension_level":20}