{"gold_per_floor":[110,123,123,137,153,153,186,15,39,39,68,98,117,142,142,213,213,223,223,235,248,248,248,261,273,297,313,17,32,32,45,45,122,122,141,152,168,188,95,129,145,180,180,180,198,198,252,202,202,202,202,202,202,39,72,72],"floor_reached":57,"playtime":4724,"items_purged":["Strike_R","Fire Breathing","Cleave"],"score":2826,"play_id":"c7c71d6c-a7bb-407e-8cb6-a1b4cb998bcb","local_time":"20190430171626","is_ascension_mode":true,"campfire_choices":[{"data":"Combust","floor":6,"key":"SMITH"},{"data":"Feed","floor":10,"key":"SMITH"},{"data":"Heavy Blade","floor":15,"key":"SMITH"},{"data":"Battle Trance","floor":23,"key":"SMITH"},{"data":"Feel No Pain","floor":30,"key":"SMITH"},{"data":"Burning Pact","floor":32,"key":"SMITH"},{"floor":46,"key":"RECALL"},{"data":"Juggernaut","floor":49,"key":"SMITH"},{"data":"Barricade","floor":53,"key":"SMITH"}],"neow_cost":"PERCENT_DAMAGE","seed_source_timestamp":23925100839240,"circlet_count":0,"master_deck":["AscendersBane","Bash+1","Rampage","Combust+1","Metallicize","Feed+1","Burning Pact+1","Fiend Fire","Heavy Blade+1","Feel No Pain+1","Impervious","Inflame","True Grit","Battle Trance+1","Shrug It Off+1","Spot Weakness","Barricade+1","Shrug It Off","Juggernaut+1","Ghostly Armor","Pommel Strike","Havoc","Impervious","Limit Break","Dark Embrace","Body Slam+1","Corruption+1","Battle Trance","Burning Pact","Disarm+1","Burning Pact","Impervious","Dual Wield","Impervious","Warcry"],"relics":["Burning Blood","Champion Belt","Smiling Mask","Red Skull","Oddly Smooth Stone","Odd Mushroom","Anchor","Torii","Coffee Dripper","NlothsMask","Enchiridion","Medical Kit","Pandora\u0027s Box","Regal Pillow","Strawberry","Turnip","Bag of Preparation"],"potions_floor_usage":[5,11,16,18,21,24,47,55,56],"damage_taken":[{"damage":6,"enemies":"Jaw Worm","floor":1,"turns":4},{"damage":4,"enemies":"2 Louse","floor":2,"turns":4},{"damage":1,"enemies":"Cultist","floor":4,"turns":3},{"damage":9,"enemies":"Gremlin Gang","floor":5,"turns":3},{"damage":24,"enemies":"Lagavulin","floor":7,"turns":6},{"damage":2,"enemies":"The Mushroom Lair","floor":11,"turns":3},{"damage":19,"enemies":"3 Sentries","floor":12,"turns":6},{"damage":14,"enemies":"Large Slime","floor":13,"turns":4},{"damage":14,"enemies":"Lagavulin","floor":14,"turns":7},{"damage":15,"enemies":"Hexaghost","floor":16,"turns":8},{"damage":2,"enemies":"Shell Parasite","floor":18,"turns":8},{"damage":9,"enemies":"Chosen","floor":20,"turns":4},{"damage":8,"enemies":"3 Cultists","floor":21,"turns":6},{"damage":3,"enemies":"Cultist and Chosen","floor":24,"turns":6},{"damage":1,"enemies":"Sentry and Sphere","floor":25,"turns":7},{"damage":16,"enemies":"Snake Plant","floor":27,"turns":6},{"damage":0,"enemies":"Centurion and Healer","floor":29,"turns":4},{"damage":0,"enemies":"3 Cultists","floor":31,"turns":6},{"damage":1,"enemies":"Collector","floor":33,"turns":10},{"damage":3,"enemies":"Orb Walker","floor":35,"turns":5},{"damage":0,"enemies":"3 Shapes","floor":36,"turns":8},{"damage":16,"enemies":"Jaw Worm Horde","floor":37,"turns":5},{"damage":0,"enemies":"Spire Growth","floor":38,"turns":3},{"damage":1,"enemies":"Nemesis","floor":40,"turns":5},{"damage":0,"enemies":"Maw","floor":41,"turns":6},{"damage":0,"enemies":"Reptomancer","floor":42,"turns":5},{"damage":6,"enemies":"Transient","floor":45,"turns":6},{"damage":22,"enemies":"2 Orb Walkers","floor":47,"turns":5},{"damage":26,"enemies":"Donu and Deca","floor":50,"turns":5},{"damage":23,"enemies":"Time Eater","floor":51,"turns":6},{"damage":46,"enemies":"Shield and Spear","floor":55,"turns":7},{"damage":48,"enemies":"The Heart","floor":56,"turns":9}],"seed_played":"-3834391907005579537","potions_obtained":[{"floor":1,"key":"SkillPotion"},{"floor":5,"key":"SkillPotion"},{"floor":7,"key":"FearPotion"},{"floor":14,"key":"AttackPotion"},{"floor":16,"key":"SteroidPotion"},{"floor":20,"key":"EssenceOfSteel"},{"floor":25,"key":"BloodPotion"},{"floor":31,"key":"GamblersBrew"},{"floor":47,"key":"SpeedPotion"}],"is_trial":false,"path_per_floor":["M","M","?","M","M","R","E","$","T","R","?","E","M","E","R","B",null,"M","?","M","M","?","R","M","M","T","M","$","M","R","M","R","B",null,"M","M","M","M","$","E","M","E","T","?","M","R","?","$","R","B","B",null,"R","$","E","B",null],"character_chosen":"IRONCLAD","items_purchased":["Red Skull","Medical Kit","Shrug It Off","Burning Pact","Impervious"],"campfire_rested":0,"item_purchase_floors":[8,28,28,39,54],"current_hp_per_floor":[50,52,52,57,54,54,36,36,36,36,44,31,27,19,19,10,65,73,73,70,72,51,51,54,63,63,57,57,67,67,77,77,86,105,108,115,109,119,119,127,131,138,138,131,131,131,119,119,119,103,90,130,130,130,112,74],"gold":72,"neow_bonus":"ONE_RARE_RELIC","is_prod":false,"is_daily":false,"chose_seed":false,"campfire_upgraded":8,"win_rate":0,"timestamp":1556669786,"path_taken":["M","M","?","M","M","R","E","$","T","R","?","E","M","E","R","BOSS","M","?","?","?","?","R","M","M","T","M","$","M","R","M","R","BOSS","M","M","M","M","$","E","M","E","T","?","M","R","?","$","R","BOSS","BOSS","R","$","E","BOSS"],"build_version":"2019-04-23","purchased_purges":3,"victory":true,"max_hp_per_floor":[75,75,75,75,75,75,75,75,75,75,79,79,83,83,83,83,83,87,87,87,91,91,91,91,95,95,99,99,103,103,107,107,111,111,111,115,119,123,123,127,131,138,138,131,131,131,135,135,135,139,143,143,143,143,151,155],"card_choices":[{"not_picked":["Evolve","Warcry"],"picked":"Rampage","floor":1},{"not_picked":["Flame Barrier","Power Through"],"picked":"Combust","floor":2},{"not_picked":["Seeing Red","Warcry"],"picked":"Metallicize","floor":4},{"not_picked":["Dropkick","Clash","Cleave"],"picked":"SKIP","floor":5},{"not_picked":["Warcry","Twin Strike"],"picked":"Feed","floor":7},{"not_picked":["Wild Strike","Ghostly Armor"],"picked":"Burning Pact","floor":11},{"not_picked":["Inflame","Shrug It Off"],"picked":"Fiend Fire","floor":12},{"not_picked":["Warcry","Blood for Blood"],"picked":"Heavy Blade","floor":13},{"not_picked":["Iron Wave","Sever Soul"],"picked":"Feel No Pain","floor":14},{"not_picked":["Dark Embrace","Berserk"],"picked":"Impervious","floor":16},{"not_picked":["Clash","Headbutt"],"picked":"Inflame","floor":18},{"not_picked":["Dual Wield","Second Wind"],"picked":"True Grit","floor":20},{"not_picked":["Havoc","Body Slam"],"picked":"Battle Trance","floor":21},{"not_picked":["Warcry","Cleave"],"picked":"Shrug It Off+1","floor":24},{"not_picked":["Evolve","True Grit"],"picked":"Spot Weakness","floor":25},{"not_picked":["True Grit","Bloodletting"],"picked":"Barricade","floor":27},{"not_picked":["Wild Strike","Warcry","Thunderclap"],"picked":"SKIP","floor":29},{"not_picked":["Ghostly Armor","Flex","Clash"],"picked":"SKIP","floor":31},{"not_picked":["Bludgeon","Demon Form"],"picked":"Juggernaut","floor":33},{"not_picked":["Ghostly Armor","Flex+1"],"picked":"Body Slam+1","floor":35},{"not_picked":["Rampage","Heavy Blade"],"picked":"Corruption+1","floor":36},{"not_picked":["Corruption","Havoc+1","Headbutt"],"picked":"SKIP","floor":37},{"not_picked":["Entrench","Heavy Blade+1"],"picked":"Battle Trance","floor":38},{"not_picked":["Pummel+1","Armaments"],"picked":"Disarm+1","floor":40},{"not_picked":["Seeing Red+1","Cleave+1"],"picked":"Burning Pact","floor":41},{"not_picked":["Seeing Red","Shrug It Off"],"picked":"Impervious","floor":42},{"not_picked":["Sever Soul","Spot Weakness","Thunderclap"],"picked":"SKIP","floor":45},{"not_picked":["Cleave+1","Twin Strike"],"picked":"Dual Wield","floor":47},{"not_picked":["Rampage+1","Bludgeon"],"picked":"Warcry","floor":55}],"player_experience":5991463,"relics_obtained":[{"floor":7,"key":"Smiling Mask"},{"floor":9,"key":"Oddly Smooth Stone"},{"floor":11,"key":"Odd Mushroom"},{"floor":12,"key":"Anchor"},{"floor":14,"key":"Torii"},{"floor":22,"key":"Enchiridion"},{"floor":40,"key":"Regal Pillow"},{"floor":42,"key":"Strawberry"},{"floor":47,"key":"Turnip"},{"floor":55,"key":"Bag of Preparation"}],"event_choices":[{"damage_healed":0,"gold_gain":0,"player_choice":"Grow","damage_taken":0,"max_hp_gain":0,"max_hp_loss":0,"event_name":"Living Wall","floor":3,"gold_loss":0,"cards_upgraded":["Bash"]},{"damage_healed":0,"gold_gain":0,"player_choice":"Fought Mushrooms","damage_taken":0,"max_hp_gain":0,"max_hp_loss":0,"event_name":"Mushrooms","floor":11,"gold_loss":0},{"damage_healed":0,"gold_gain":0,"player_choice":"Trade","damage_taken":0,"relics_obtained":["NlothsMask"],"max_hp_gain":0,"max_hp_loss":0,"event_name":"FaceTrader","floor":19,"gold_loss":0},{"damage_healed":0,"gold_gain":0,"player_choice":"Obtained Book","damage_taken":21,"max_hp_gain":0,"max_hp_loss":0,"event_name":"Cursed Tome","floor":22,"gold_loss":0},{"damage_healed":0,"gold_gain":0,"player_choice":"Max HP","damage_taken":0,"max_hp_gain":0,"max_hp_loss":7,"event_name":"Winding Halls","floor":44,"gold_loss":0},{"damage_healed":0,"gold_gain":0,"player_choice":"Fight","damage_taken":0,"max_hp_gain":0,"max_hp_loss":0,"event_name":"Mysterious Sphere","floor":47,"gold_loss":0}],"is_beta":true,"boss_relics":[{"not_picked":["Tiny House","Empty Cage"],"picked":"Coffee Dripper"},{"not_picked":["Cursed Key","Philosopher\u0027s Stone"],"picked":"Pandora\u0027s Box"}],"items_purged_floors":[28,39,48],"is_endless":false,"potions_floor_spawned":[1,5,7,14,16,20,25,31,33,37,38,45,47],"ascension_level":20}