{"gold_per_floor":[116,130,150,150,225,225,244,244,270,298,317,317,79,97,97,173,173,189,202,202,217,229,229,261,261,311,311,311,311,341,341,341,341],"floor_reached":33,"playtime":1661,"items_purged":["Strike_R"],"score":610,"play_id":"f29c9c0a-ac45-4aca-b628-e4867c725c05","local_time":"20190501002210","is_ascension_mode":true,"campfire_choices":[{"data":"Bash","floor":6,"key":"SMITH"},{"floor":8,"key":"REST"},{"data":"Battle Trance","floor":15,"key":"SMITH"},{"data":"Offering","floor":23,"key":"SMITH"},{"data":"Disarm","floor":25,"key":"SMITH"},{"data":"Inflame","floor":29,"key":"SMITH"},{"data":"1","floor":32,"key":"LIFT"}],"neow_cost":"TEN_PERCENT_HP_LOSS","seed_source_timestamp":52551179414300,"circlet_count":0,"master_deck":["AscendersBane","Strike_R","Strike_R","Strike_R+1","Strike_R+1","Defend_R","Defend_R","Defend_R","Defend_R","Bash+1","Offering+1","Sword Boomerang","Shrug It Off+1","Battle Trance+1","Twin Strike","Headbutt","Shrug It Off","Reaper","Carnage","Ghostly","Ghostly","Ghostly","Disarm+1","Evolve","Inflame+1","Burning Pact"],"relics":["Burning Blood","Anchor","Happy Flower","PreservedInsect","Mark of Pain","Unceasing Top","Ancient Tea Set","Gremlin Horn","Girya"],"potions_floor_usage":[10,16,27,33,33],"damage_taken":[{"damage":6,"enemies":"Cultist","floor":1,"turns":3},{"damage":6,"enemies":"Small Slimes","floor":2,"turns":2},{"damage":6,"enemies":"2 Louse","floor":3,"turns":4},{"damage":8,"enemies":"Blue Slaver","floor":7,"turns":3},{"damage":47,"enemies":"3 Sentries","floor":10,"turns":11},{"damage":6,"enemies":"Large Slime","floor":11,"turns":4},{"damage":0,"enemies":"Looter","floor":14,"turns":3},{"damage":9,"enemies":"The Guardian","floor":16,"turns":14},{"damage":23,"enemies":"Shell Parasite","floor":18,"turns":7},{"damage":6,"enemies":"3 Byrds","floor":19,"turns":6},{"damage":4,"enemies":"Snake Plant","floor":21,"turns":5},{"damage":9,"enemies":"Snecko","floor":22,"turns":5},{"damage":16,"enemies":"Slavers","floor":24,"turns":7},{"damage":2,"enemies":"Gremlin Leader","floor":27,"turns":3},{"damage":4,"enemies":"Book of Stabbing","floor":30,"turns":3},{"damage":65,"enemies":"Champ","floor":33,"turns":11}],"seed_played":"-8990084694985639602","potions_obtained":[{"floor":1,"key":"Dexterity Potion"},{"floor":10,"key":"SpeedPotion"},{"floor":11,"key":"Dexterity Potion"},{"floor":19,"key":"SmokeBomb"},{"floor":30,"key":"SteroidPotion"}],"is_trial":false,"path_per_floor":["M","M","M","?","?","R","M","R","T","E","M","?","$","M","R","B",null,"M","M","?","M","M","R","E","R","T","E","?","R","E","?","R","B"],"character_chosen":"IRONCLAD","items_purchased":["PreservedInsect"],"campfire_rested":1,"item_purchase_floors":[13],"current_hp_per_floor":[68,68,68,48,37,37,35,55,55,14,14,14,14,20,20,17,55,44,50,34,34,34,34,27,27,27,34,34,34,34,34,34,0],"gold":341,"neow_bonus":"THREE_RARE_CARDS","is_prod":false,"is_daily":false,"chose_seed":false,"campfire_upgraded":5,"win_rate":0,"timestamp":1556695330,"path_taken":["M","M","?","?","?","R","M","R","T","E","M","?","?","?","R","BOSS","M","M","?","M","M","R","E","R","T","E","?","R","E","?","R","BOSS"],"build_version":"2019-04-23","purchased_purges":1,"victory":false,"max_hp_per_floor":[68,68,68,68,68,68,68,68,68,68,68,68,68,68,68,68,68,68,68,34,34,34,34,34,34,34,34,34,34,34,34,34,34],"card_choices":[{"not_picked":["Dark Embrace","Berserk"],"picked":"Offering","floor":0},{"not_picked":["Perfected Strike","Sentinel"],"picked":"Sword Boomerang","floor":1},{"not_picked":["Rampage","Burning Pact"],"picked":"Shrug It Off","floor":2},{"not_picked":["Thunderclap","Combust"],"picked":"Battle Trance","floor":3},{"not_picked":["Clash","Havoc","Double Tap"],"picked":"SKIP","floor":7},{"not_picked":["Pummel","Havoc"],"picked":"Twin Strike","floor":10},{"not_picked":["Ghostly Armor","Clash"],"picked":"Headbutt","floor":11},{"not_picked":["Searing Blow","Warcry"],"picked":"Shrug It Off","floor":14},{"not_picked":["Double Tap","Offering"],"picked":"Reaper","floor":16},{"not_picked":["Headbutt","Fire Breathing"],"picked":"Carnage","floor":18},{"not_picked":["Clash","Hemokinesis","Carnage"],"picked":"SKIP","floor":19},{"not_picked":["Sentinel","Pummel+1"],"picked":"Disarm","floor":21},{"not_picked":["Havoc+1","Feel No Pain"],"picked":"Evolve","floor":22},{"not_picked":["Perfected Strike","Body Slam","Clash+1"],"picked":"SKIP","floor":24},{"not_picked":["Armaments+1","Twin Strike"],"picked":"Burning Pact","floor":30}],"player_experience":6008249,"relics_obtained":[{"floor":9,"key":"Anchor"},{"floor":10,"key":"Happy Flower"},{"floor":24,"key":"Unceasing Top"},{"floor":26,"key":"Ancient Tea Set"},{"floor":30,"key":"Gremlin Horn"},{"floor":31,"key":"Girya"}],"event_choices":[{"damage_healed":0,"gold_gain":0,"player_choice":"Entered Light","damage_taken":20,"max_hp_gain":0,"max_hp_loss":0,"event_name":"Shining Light","floor":4,"gold_loss":0,"cards_upgraded":["Strike_R","Strike_R"]},{"damage_healed":0,"gold_gain":75,"player_choice":"Gather Gold","damage_taken":11,"max_hp_gain":0,"max_hp_loss":0,"event_name":"World of Goop","floor":5,"gold_loss":0},{"damage_healed":0,"gold_gain":0,"player_choice":"Grow","damage_taken":0,"max_hp_gain":0,"max_hp_loss":0,"event_name":"Living Wall","floor":12,"gold_loss":0,"cards_upgraded":["Shrug It Off"]},{"damage_healed":0,"gold_gain":0,"player_choice":"Became a Ghost","damage_taken":0,"max_hp_gain":0,"max_hp_loss":34,"event_name":"Ghosts","floor":20,"gold_loss":0,"cards_obtained":["Ghostly","Ghostly","Ghostly"]},{"damage_healed":0,"gold_gain":0,"player_choice":"Read","damage_taken":0,"max_hp_gain":0,"max_hp_loss":0,"event_name":"The Library","floor":28,"gold_loss":0,"cards_obtained":["Inflame"]},{"damage_healed":0,"gold_gain":0,"player_choice":"Relic","damage_taken":0,"max_hp_gain":0,"max_hp_loss":0,"event_name":"Wheel of Change","floor":31,"gold_loss":0}],"is_beta":true,"boss_relics":[{"not_picked":["Runic Cube","White Beast Statue"],"picked":"Mark of Pain"}],"items_purged_floors":[13],"is_endless":false,"potions_floor_spawned":[1,10,11,19,21,30],"killed_by":"Champ","ascension_level":20}