{"gold_per_floor":[113,38,38,53,72,72,107,107,189,206,206,231,241,275,275,353,353,331,331,331],"floor_reached":20,"playtime":1111,"items_purged":["Strike_B"],"score":384,"play_id":"a2bf6eee-05a5-497b-bae6-4a7d2e336f3a","local_time":"20190424172255","is_ascension_mode":true,"campfire_choices":[{"data":"Barrage","floor":6,"key":"SMITH"},{"data":"Cold Snap","floor":8,"key":"SMITH"},{"floor":11,"key":"REST"},{"data":"Barrage","floor":15,"key":"SMITH"}],"neow_cost":"NONE","seed_source_timestamp":191106190827037,"circlet_count":0,"master_deck":["AscendersBane","Strike_B","Strike_B","Strike_B","Defend_B","Defend_B","Defend_B","Defend_B","Zap+1","Dualcast+1","Cold Snap+1","Barrage+1","Cold Snap","Coolheaded","Hologram+1","Sweeping Beam","Recycle+1","Barrage+1","Fission","Clumsy","Decay","Pain","Consume+1","Leap+1"],"relics":["Cracked Core","Lantern","The Courier","Centennial Puzzle","Prayer Wheel","Calling Bell","StoneCalendar","Toxic Egg 2","War Paint"],"potions_floor_usage":[12,18],"damage_taken":[{"damage":0,"enemies":"2 Louse","floor":1,"turns":1},{"damage":0,"enemies":"Cultist","floor":4,"turns":4},{"damage":5,"enemies":"Small Slimes","floor":5,"turns":3},{"damage":28,"enemies":"3 Sentries","floor":7,"turns":10},{"damage":0,"enemies":"2 Fungi Beasts","floor":10,"turns":2},{"damage":2,"enemies":"Lagavulin","floor":12,"turns":5},{"damage":2,"enemies":"Red Slaver","floor":13,"turns":2},{"damage":1,"enemies":"3 Sentries","floor":14,"turns":8},{"damage":9,"enemies":"The Guardian","floor":16,"turns":13},{"damage":13,"enemies":"2 Thieves","floor":18,"turns":4},{"damage":58,"enemies":"3 Byrds","floor":20,"turns":5}],"seed_played":"4694959073870260180","potions_obtained":[{"floor":5,"key":"Weak Potion"},{"floor":7,"key":"Weak Potion"},{"floor":12,"key":"Energy Potion"},{"floor":14,"key":"Strength Potion"}],"is_trial":false,"path_per_floor":["M","$","?","M","M","R","E","R","T","M","R","E","M","E","R","B",null,"M","?","M"],"character_chosen":"DEFECT","items_purchased":[],"campfire_rested":1,"item_purchase_floors":[],"current_hp_per_floor":[71,71,71,71,66,66,38,38,38,38,61,59,57,56,56,47,70,57,57,0],"gold":331,"neow_bonus":"TEN_PERCENT_HP_BONUS","is_prod":false,"is_daily":false,"chose_seed":false,"campfire_upgraded":3,"win_rate":0,"timestamp":1556151775,"path_taken":["M","$","?","M","M","R","E","R","T","M","R","E","M","E","R","BOSS","M","?","M"],"build_version":"2019-04-23","purchased_purges":1,"victory":false,"max_hp_per_floor":[78,78,78,78,78,78,78,78,78,78,78,78,78,78,78,78,78,78,78,78],"card_choices":[{"not_picked":["Stack","Barrage"],"picked":"Cold Snap","floor":1},{"not_picked":["Blizzard","Lockon"],"picked":"Barrage","floor":4},{"not_picked":["Turbo","Go for the Eyes"],"picked":"Cold Snap","floor":5},{"not_picked":["Chaos","Stack"],"picked":"Coolheaded","floor":7},{"not_picked":["Undo","Conserve Battery"],"picked":"Hologram","floor":10},{"not_picked":["Cold Snap","Meteor Strike"],"picked":"Sweeping Beam","floor":12},{"not_picked":["Turbo","Go for the Eyes"],"picked":"Recycle","floor":13},{"not_picked":["Rebound","Go for the Eyes"],"picked":"Barrage","floor":14},{"not_picked":["Seek","Machine Learning"],"picked":"Fission","floor":16},{"not_picked":["Cold Snap","Go for the Eyes"],"picked":"Consume+1","floor":18},{"not_picked":["Hologram+1","Auto Shields+1"],"picked":"Leap+1","floor":18}],"player_experience":5827002,"relics_obtained":[{"floor":7,"key":"Lantern"},{"floor":9,"key":"The Courier"},{"floor":12,"key":"Centennial Puzzle"},{"floor":14,"key":"Prayer Wheel"},{"floor":17,"key":"StoneCalendar"},{"floor":17,"key":"Toxic Egg 2"},{"floor":17,"key":"War Paint"}],"event_choices":[{"damage_healed":0,"gold_gain":0,"player_choice":"Grow","damage_taken":0,"max_hp_gain":0,"max_hp_loss":0,"event_name":"Living Wall","floor":3,"gold_loss":0,"cards_upgraded":["Zap"]},{"damage_healed":0,"gold_gain":0,"player_choice":"Upgraded","damage_taken":0,"max_hp_gain":0,"max_hp_loss":0,"event_name":"Upgrade Shrine","floor":19,"gold_loss":0,"cards_upgraded":["Recycle"]}],"is_beta":true,"boss_relics":[{"not_picked":["Coffee Dripper","White Beast Statue"],"picked":"Calling Bell"}],"items_purged_floors":[2],"is_endless":false,"potions_floor_spawned":[5,7,12,14],"killed_by":"3 Byrds","ascension_level":20}