{"gold_per_floor":[117,117,42,62,77,77,109,109,109,109,109,135,6,20,20,20],"floor_reached":16,"playtime":658,"items_purged":["Strike_G"],"score":241,"play_id":"49b684df-be43-4948-b7de-e2a73d82a658","local_time":"20190428153412","is_ascension_mode":true,"campfire_choices":[{"data":"Poisoned Stab","floor":6,"key":"SMITH"},{"data":"1","floor":10,"key":"LIFT"},{"data":"2","floor":15,"key":"LIFT"}],"neow_cost":"NONE","seed_source_timestamp":95465809051983,"circlet_count":0,"master_deck":["AscendersBane","Defend_G","Defend_G","Defend_G","Defend_G","Defend_G","Strike_G","Strike_G","Survivor","Neutralize+1","Quick Slash","Poisoned Stab+1","Cloak And Dagger","Escape Plan"],"relics":["Ring of the Snake","Girya","Mango","Strawberry","Mercury Hourglass"],"potions_floor_usage":[7,16,16],"damage_taken":[{"damage":0,"enemies":"Cultist","floor":1,"turns":5},{"damage":1,"enemies":"Small Slimes","floor":4,"turns":4},{"damage":0,"enemies":"2 Louse","floor":5,"turns":4},{"damage":22,"enemies":"Lagavulin","floor":7,"turns":8},{"damage":30,"enemies":"Gremlin Nob","floor":12,"turns":4},{"damage":0,"enemies":"Looter","floor":14,"turns":2},{"damage":21,"enemies":"Hexaghost","floor":16,"turns":11}],"seed_played":"-3541167044847089452","potions_obtained":[{"floor":4,"key":"SpeedPotion"},{"floor":12,"key":"Block Potion"}],"is_trial":false,"path_per_floor":["M","?","?","M","M","R","E","?","T","R","?","E","$","M","R","B"],"character_chosen":"THE_SILENT","items_purchased":["Dexterity Potion"],"campfire_rested":0,"item_purchase_floors":[13],"current_hp_per_floor":[59,52,52,51,51,51,29,29,43,43,50,20,20,20,20,0],"gold":20,"neow_bonus":"UPGRADE_CARD","is_prod":false,"is_daily":false,"chose_seed":false,"campfire_upgraded":1,"win_rate":0,"timestamp":1556490852,"path_taken":["M","?","?","M","M","R","E","?","T","R","?","E","?","?","R","BOSS"],"build_version":"2019-04-23","purchased_purges":1,"victory":false,"max_hp_per_floor":[66,66,66,66,66,66,66,66,80,80,87,87,87,87,87,87],"card_choices":[{"not_picked":["Backflip","Prepared"],"picked":"Quick Slash","floor":1},{"not_picked":["Deflect","PiercingWail"],"picked":"Poisoned Stab","floor":4},{"not_picked":["Backflip","Sucker Punch","Blade Dance"],"picked":"SKIP","floor":5},{"not_picked":["Poisoned Stab","Accuracy"],"picked":"Cloak And Dagger","floor":7},{"not_picked":["Distraction","Reflex"],"picked":"Escape Plan","floor":12},{"not_picked":["Calculated Gamble","Deflect","Flying Knee"],"picked":"SKIP","floor":14}],"player_experience":5927029,"relics_obtained":[{"floor":7,"key":"Girya"},{"floor":9,"key":"Mango"},{"floor":12,"key":"Mercury Hourglass"}],"event_choices":[{"cards_removed":["Strike_G"],"damage_healed":0,"gold_gain":0,"player_choice":"Card Removal","damage_taken":7,"max_hp_gain":0,"max_hp_loss":0,"event_name":"Golden Wing","floor":2,"gold_loss":0},{"cards_removed":["Strike_G"],"damage_healed":0,"gold_gain":0,"player_choice":"Card Removal","damage_taken":0,"max_hp_gain":0,"max_hp_loss":0,"event_name":"The Cleric","floor":3,"gold_loss":75},{"damage_healed":0,"gold_gain":0,"player_choice":"Ignored","damage_taken":0,"max_hp_gain":0,"max_hp_loss":0,"event_name":"Shining Light","floor":8,"gold_loss":0},{"damage_healed":0,"gold_gain":0,"player_choice":"Searched \u00271\u0027 times","damage_taken":0,"relics_obtained":["Strawberry"],"max_hp_gain":0,"max_hp_loss":0,"event_name":"Dead Adventurer","floor":11,"gold_loss":0}],"is_beta":true,"boss_relics":[],"items_purged_floors":[13],"is_endless":false,"potions_floor_spawned":[4,12],"killed_by":"Hexaghost","ascension_level":20}