{"gold_per_floor":[116,136,136,96,114,114,74,107,179,179,179,209,134,199,199,278,278,298,298,298,308,152,152,162,162,162,174,174,204,154,154],"floor_reached":31,"playtime":1283,"items_purged":["Bite"],"score":543,"play_id":"e91349b3-71ed-412c-a029-a01f8a45af01","local_time":"20190501210333","is_ascension_mode":true,"campfire_choices":[{"data":"Dash","floor":6,"key":"SMITH"},{"floor":11,"key":"REST"},{"data":"Bouncing Flask","floor":15,"key":"SMITH"},{"data":"Corpse Explosion","floor":23,"key":"SMITH"},{"data":"Glass Knife","floor":25,"key":"SMITH"},{"floor":28,"key":"REST"}],"neow_cost":"NONE","seed_source_timestamp":127413102214592,"circlet_count":0,"master_deck":["AscendersBane","Defend_G","Defend_G","Defend_G","Defend_G+1","Defend_G+1","Survivor","Neutralize","Dash+1","Flying Knee","Predator","Bouncing Flask+1","Dodge and Roll","Corpse Explosion+1","Calculated Gamble","Bite","Bite","Bite","Bite","Dodge and Roll","Glass Knife+1"],"relics":["Ring of the Snake","War Paint","Shuriken","PreservedInsect","Strawberry","Philosopher\u0027s Stone","The Courier","Ninja Scroll"],"potions_floor_usage":[12,21,27,27,27,29,29],"damage_taken":[{"damage":0,"enemies":"Cultist","floor":1,"turns":4},{"damage":5,"enemies":"Jaw Worm","floor":2,"turns":6},{"damage":4,"enemies":"Small Slimes","floor":5,"turns":3},{"damage":1,"enemies":"Looter","floor":7,"turns":4},{"damage":39,"enemies":"Gremlin Nob","floor":8,"turns":6},{"damage":3,"enemies":"Lagavulin","floor":12,"turns":9},{"damage":9,"enemies":"Lagavulin Event","floor":14,"turns":5},{"damage":13,"enemies":"Hexaghost","floor":16,"turns":9},{"damage":3,"enemies":"Spheric Guardian","floor":18,"turns":4},{"damage":0,"enemies":"3 Byrds","floor":21,"turns":3},{"damage":9,"enemies":"Snecko","floor":24,"turns":4},{"damage":33,"enemies":"Shelled Parasite and Fungi","floor":27,"turns":5},{"damage":19,"enemies":"Slavers","floor":29,"turns":3},{"damage":30,"enemies":"Gremlin Leader","floor":31,"turns":4}],"seed_played":"-5092535557411349830","potions_obtained":[{"floor":4,"key":"GhostInAJar"},{"floor":4,"key":"EntropicBrew"},{"floor":16,"key":"EssenceOfSteel"},{"floor":24,"key":"Swift Potion"},{"floor":27,"key":"Energy Potion"}],"is_trial":false,"path_per_floor":["M","M","?","?","M","R","M","E","T","?","R","E","?","?","R","B",null,"M","?","?","M","$","R","M","R","T","M","R","E","?","E"],"character_chosen":"THE_SILENT","items_purchased":["Glass Knife"],"campfire_rested":2,"item_purchase_floors":[22],"current_hp_per_floor":[65,60,60,60,56,56,55,16,16,9,30,27,27,25,25,12,62,59,36,36,42,42,42,41,41,41,14,31,20,20,0],"gold":154,"neow_bonus":"TEN_PERCENT_HP_BONUS","is_prod":false,"is_daily":false,"chose_seed":false,"campfire_upgraded":4,"win_rate":0,"timestamp":1556769813,"path_taken":["M","M","?","?","?","R","M","E","T","?","R","E","?","?","R","BOSS","M","?","?","M","$","R","M","R","T","M","R","E","?","E"],"build_version":"2019-04-23","purchased_purges":1,"victory":false,"max_hp_per_floor":[72,72,72,72,72,72,72,72,72,72,72,72,72,79,79,79,79,79,84,58,58,58,58,58,58,58,58,58,58,58,58],"card_choices":[{"not_picked":["Prepared","Setup","Underhanded Strike"],"picked":"SKIP","floor":1},{"not_picked":["Crippling Poison","Deflect"],"picked":"Dash","floor":2},{"not_picked":["Bane","Reflex","Expertise"],"picked":"SKIP","floor":5},{"not_picked":["Riddle With Holes","Doppelganger"],"picked":"Flying Knee","floor":7},{"not_picked":["Concentrate","Deflect"],"picked":"Predator","floor":8},{"not_picked":["Masterful Stab","PiercingWail"],"picked":"Bouncing Flask","floor":12},{"not_picked":["Blur","Sucker Punch"],"picked":"Dodge and Roll","floor":14},{"not_picked":["Burst","Phantasmal Killer"],"picked":"Corpse Explosion","floor":16},{"not_picked":["Caltrops","Predator"],"picked":"Calculated Gamble","floor":18},{"not_picked":["Dagger Spray","Prepared"],"picked":"Dodge and Roll","floor":21},{"not_picked":["Poisoned Stab","Eviscerate","Endless Agony"],"picked":"SKIP","floor":24},{"not_picked":["Backstab","Riddle With Holes","Bouncing Flask"],"picked":"SKIP","floor":27},{"not_picked":["Reflex","Bouncing Flask","Deadly Poison"],"picked":"SKIP","floor":29}],"player_experience":6043485,"relics_obtained":[{"floor":8,"key":"War Paint"},{"floor":9,"key":"Shuriken"},{"floor":12,"key":"PreservedInsect"},{"floor":14,"key":"Strawberry"},{"floor":26,"key":"The Courier"},{"floor":29,"key":"Ninja Scroll"}],"event_choices":[{"damage_healed":0,"gold_gain":0,"player_choice":"Ignored","damage_taken":0,"max_hp_gain":0,"max_hp_loss":0,"event_name":"Liars Game","floor":3,"gold_loss":0},{"damage_healed":0,"gold_gain":0,"player_choice":"Bought 3 Potions","damage_taken":0,"max_hp_gain":0,"max_hp_loss":0,"event_name":"The Woman in Blue","floor":4,"gold_loss":0},{"cards_removed":["Strike_G"],"damage_healed":0,"gold_gain":0,"player_choice":"Card Removal","damage_taken":7,"max_hp_gain":0,"max_hp_loss":0,"event_name":"Golden Wing","floor":10,"gold_loss":0},{"cards_removed":["Strike_G"],"damage_healed":0,"gold_gain":0,"player_choice":"Card Removal","damage_taken":0,"max_hp_gain":0,"max_hp_loss":0,"event_name":"The Cleric","floor":13,"gold_loss":75},{"damage_healed":0,"gold_gain":0,"player_choice":"Searched \u00272\u0027 times","damage_taken":0,"max_hp_gain":0,"max_hp_loss":0,"event_name":"Dead Adventurer","floor":14,"gold_loss":0},{"damage_healed":0,"gold_gain":0,"player_choice":"Shed Blood","damage_taken":28,"max_hp_gain":5,"max_hp_loss":0,"event_name":"Forgotten Altar","floor":19,"gold_loss":0},{"damage_healed":0,"gold_gain":0,"player_choice":"Became a vampire","damage_taken":0,"max_hp_gain":0,"max_hp_loss":26,"event_name":"Vampires","floor":20,"gold_loss":0,"cards_obtained":["Bite","Bite","Bite","Bite","Bite"]},{"damage_healed":0,"gold_gain":0,"player_choice":"Bet on Murderer","damage_taken":0,"max_hp_gain":0,"max_hp_loss":0,"event_name":"The Joust","floor":30,"gold_loss":50}],"is_beta":true,"boss_relics":[{"not_picked":["Eternal Feather","Orrery"],"picked":"Philosopher\u0027s Stone"}],"items_purged_floors":[22],"is_endless":false,"potions_floor_spawned":[5,8,16,24,27],"killed_by":"Gremlin Leader","ascension_level":20}