{"gold_per_floor":[367,380,380,4,17,49,49,79,79,79,139,153,180,34,34,109,109,125,175,252,252,38,38,71,71,71,71,90,106,120,150,150,228,228,247,247,300,314,361,388,388,422,422,422,446,481,498,311,311,311,311,311,311,32,57,57],"floor_reached":57,"playtime":4564,"items_purged":["Armaments","Wild Strike","Pommel Strike"],"score":3029,"play_id":"bee4439a-4869-488a-8976-8d6406815378","local_time":"20190426133145","is_ascension_mode":true,"campfire_choices":[{"data":"Immolate","floor":7,"key":"SMITH"},{"floor":10,"key":"REST"},{"data":"Juggernaut","floor":15,"key":"SMITH"},{"data":"Apotheosis","floor":23,"key":"SMITH"},{"data":"Feel No Pain","floor":27,"key":"SMITH"},{"data":"Uppercut","floor":32,"key":"SMITH"},{"floor":41,"key":"RECALL"},{"data":"Feel No Pain","floor":49,"key":"SMITH"},{"data":"Feel No Pain","floor":53,"key":"SMITH"}],"neow_cost":"TEN_PERCENT_HP_LOSS","seed_source_timestamp":346564975380610,"circlet_count":0,"master_deck":["AscendersBane","Bash+1","Anger","Shrug It Off","Immolate+1","Reaper","Flame Barrier","Juggernaut+1","Feel No Pain+1","Reaper","Power Through","Shrug It Off","Flame Barrier","Second Wind","Juggernaut","Carnage","Flame Barrier","Apotheosis+1","Necronomicurse","Uppercut+1","Feel No Pain+1","Feel No Pain+1","Immolate","Secret Technique","Secret Technique","Secret Weapon"],"relics":["Burning Blood","Membership Card","Potion Belt","Pen Nib","Ornamental Fan","Blood Vial","Tiny Chest","Singing Bowl","OrangePellets","Pandora\u0027s Box","Blue Candle","Vajra","Bottled Tornado","Necronomicon","Art of War","Unceasing Top","Runic Pyramid","Calipers","Turnip","Bronze Scales","Omamori","Red Skull","Meat on the Bone","Self Forming Clay","Centennial Puzzle","Pocketwatch"],"potions_floor_usage":[16,16,24,24,56,56],"damage_taken":[{"damage":2,"enemies":"Cultist","floor":1,"turns":4},{"damage":7,"enemies":"Jaw Worm","floor":2,"turns":3},{"damage":0,"enemies":"Small Slimes","floor":5,"turns":2},{"damage":33,"enemies":"Gremlin Nob","floor":6,"turns":4},{"damage":15,"enemies":"3 Sentries","floor":8,"turns":5},{"damage":6,"enemies":"Gremlin Nob","floor":11,"turns":3},{"damage":0,"enemies":"Exordium Thugs","floor":12,"turns":3},{"damage":12,"enemies":"3 Sentries","floor":13,"turns":4},{"damage":49,"enemies":"Hexaghost","floor":16,"turns":10},{"damage":19,"enemies":"Shell Parasite","floor":18,"turns":7},{"damage":34,"enemies":"Slavers","floor":24,"turns":9},{"damage":0,"enemies":"Chosen","floor":28,"turns":2},{"damage":19,"enemies":"Centurion and Healer","floor":29,"turns":4},{"damage":6,"enemies":"Sentry and Sphere","floor":30,"turns":5},{"damage":18,"enemies":"Gremlin Leader","floor":31,"turns":9},{"damage":17,"enemies":"Collector","floor":33,"turns":5},{"damage":22,"enemies":"Orb Walker","floor":35,"turns":5},{"damage":3,"enemies":"2 Orb Walkers","floor":37,"turns":3},{"damage":26,"enemies":"3 Darklings","floor":38,"turns":5},{"damage":22,"enemies":"Nemesis","floor":40,"turns":5},{"damage":27,"enemies":"Giant Head","floor":42,"turns":6},{"damage":11,"enemies":"Nemesis","floor":46,"turns":5},{"damage":7,"enemies":"Jaw Worm Horde","floor":47,"turns":3},{"damage":45,"enemies":"Donu and Deca","floor":50,"turns":7},{"damage":36,"enemies":"Time Eater","floor":51,"turns":7},{"damage":26,"enemies":"Shield and Spear","floor":55,"turns":5},{"damage":28,"enemies":"The Heart","floor":56,"turns":8}],"seed_played":"5725568441638214612","potions_obtained":[{"floor":1,"key":"Strength Potion"},{"floor":8,"key":"Weak Potion"},{"floor":11,"key":"SkillPotion"},{"floor":12,"key":"Dexterity Potion"},{"floor":16,"key":"SteroidPotion"},{"floor":28,"key":"Swift Potion"},{"floor":29,"key":"SkillPotion"},{"floor":30,"key":"LiquidBronze"},{"floor":38,"key":"FairyPotion"},{"floor":40,"key":"Energy Potion"},{"floor":55,"key":"Weak Potion"}],"is_trial":false,"path_per_floor":["M","M","?","$","M","E","R","E","T","R","E","M","E","$","R","B",null,"M","?","T","?","$","R","E","?","T","R","M","M","M","E","R","B",null,"M","?","?","M","T","E","R","E","T","?","T","E","M","$","R","B","B",null,"R","$","E","B",null],"character_chosen":"IRONCLAD","items_purchased":["Membership Card","Immolate","Potion Belt","OrangePellets","Feel No Pain","Apotheosis","Vajra","Self Forming Clay","Centennial Puzzle","Secret Weapon","Energy Potion"],"campfire_rested":1,"item_purchase_floors":[4,4,4,14,14,22,22,48,54,54,54],"current_hp_per_floor":[68,67,67,67,68,41,41,32,32,52,54,62,58,58,58,21,56,50,50,50,50,50,50,72,51,51,51,61,74,74,74,74,66,72,76,68,75,82,82,84,84,86,86,86,86,88,90,90,90,90,88,90,90,90,92,92],"gold":57,"neow_bonus":"TWO_FIFTY_GOLD","is_prod":false,"is_daily":false,"chose_seed":false,"campfire_upgraded":7,"win_rate":0,"timestamp":1556310705,"path_taken":["M","?","?","$","M","E","R","E","T","R","E","?","E","$","R","BOSS","M","?","?","?","$","R","E","?","T","R","M","M","M","E","R","BOSS","M","?","?","M","?","E","R","E","T","?","?","E","?","$","R","BOSS","BOSS","R","$","E","BOSS"],"build_version":"2019-04-23","purchased_purges":3,"victory":true,"max_hp_per_floor":[68,68,68,68,68,68,68,68,68,68,68,68,68,68,68,68,68,70,70,70,70,70,70,72,72,72,72,74,74,74,74,74,74,74,76,78,80,82,82,84,84,86,86,86,86,88,90,90,90,90,90,90,90,90,92,92],"card_choices":[{"not_picked":["Corruption","Clash"],"picked":"Anger","floor":1},{"not_picked":["Twin Strike","Pommel Strike"],"picked":"Shrug It Off","floor":2},{"not_picked":["Ghostly Armor","Perfected Strike","Anger"],"picked":"SKIP","floor":5},{"not_picked":["Twin Strike","Evolve"],"picked":"Reaper","floor":6},{"not_picked":["Combust","Second Wind"],"picked":"Flame Barrier","floor":8},{"not_picked":["Body Slam","Thunderclap","Pummel"],"picked":"SKIP","floor":11},{"not_picked":["Seeing Red","Second Wind"],"picked":"Armaments","floor":12},{"not_picked":["Hemokinesis","Intimidate"],"picked":"Juggernaut","floor":13},{"not_picked":["Demon Form","Double Tap"],"picked":"Reaper","floor":16},{"not_picked":["Headbutt","Clash","Wild Strike+1"],"picked":"Singing Bowl","floor":18},{"not_picked":["Thunderclap","Cleave+1","Entrench"],"picked":"Singing Bowl","floor":24},{"not_picked":["Bloodletting","Perfected Strike","Heavy Blade"],"picked":"Singing Bowl","floor":28},{"not_picked":["Body Slam","Sword Boomerang"],"picked":"Uppercut","floor":29},{"not_picked":["Infernal Blade+1","Wild Strike"],"picked":"Feel No Pain","floor":30},{"not_picked":["Anger","Clash"],"picked":"Feel No Pain","floor":31},{"not_picked":["Demon Form","Dark Embrace"],"picked":"Immolate","floor":33},{"not_picked":["Hemokinesis","Rampage","Anger"],"picked":"Singing Bowl","floor":35},{"not_picked":["Metamorphosis","Deep Breath"],"picked":"Secret Technique","floor":36},{"not_picked":["The Bomb","Panache"],"picked":"Secret Technique","floor":36},{"not_picked":["The Bomb","Forethought","Swift Strike"],"picked":"Singing Bowl","floor":36},{"not_picked":["Clothesline","Intimidate","Spot Weakness"],"picked":"Singing Bowl","floor":37},{"not_picked":["Inflame","Shockwave","Thunderclap"],"picked":"Singing Bowl","floor":38},{"not_picked":["Pommel Strike","Shockwave+1","Blood for Blood"],"picked":"Singing Bowl","floor":40},{"not_picked":["Flex+1","Cleave+1","Intimidate+1"],"picked":"Singing Bowl","floor":42},{"not_picked":["Armaments+1","Corruption","Reckless Charge"],"picked":"Singing Bowl","floor":46},{"not_picked":["Searing Blow","Combust","Carnage+1"],"picked":"Singing Bowl","floor":47},{"not_picked":["Flex","Infernal Blade+1","Armaments"],"picked":"Singing Bowl","floor":55}],"player_experience":5872551,"relics_obtained":[{"floor":6,"key":"Pen Nib"},{"floor":8,"key":"Ornamental Fan"},{"floor":9,"key":"Blood Vial"},{"floor":11,"key":"Tiny Chest"},{"floor":13,"key":"Singing Bowl"},{"floor":20,"key":"Blue Candle"},{"floor":24,"key":"Bottled Tornado"},{"floor":25,"key":"Necronomicon"},{"floor":26,"key":"Art of War"},{"floor":31,"key":"Unceasing Top"},{"floor":37,"key":"Calipers"},{"floor":40,"key":"Turnip"},{"floor":42,"key":"Bronze Scales"},{"floor":43,"key":"Omamori"},{"floor":45,"key":"Red Skull"},{"floor":46,"key":"Meat on the Bone"},{"floor":55,"key":"Pocketwatch"}],"event_choices":[{"damage_healed":0,"gold_gain":0,"player_choice":"Upgraded","damage_taken":0,"max_hp_gain":0,"max_hp_loss":0,"event_name":"Upgrade Shrine","floor":3,"gold_loss":0,"cards_upgraded":["Bash"]},{"damage_healed":0,"gold_gain":50,"player_choice":"Stole From Cult","damage_taken":0,"max_hp_gain":0,"max_hp_loss":0,"event_name":"Nest","floor":19,"gold_loss":0},{"damage_healed":0,"gold_gain":0,"player_choice":"Ignored","damage_taken":0,"max_hp_gain":0,"max_hp_loss":0,"event_name":"Vampires","floor":21,"gold_loss":0},{"damage_healed":0,"gold_gain":0,"player_choice":"Obtained Book","damage_taken":21,"max_hp_gain":0,"max_hp_loss":0,"event_name":"Cursed Tome","floor":25,"gold_loss":0},{"damage_healed":0,"gold_gain":0,"player_choice":"Memory 3","damage_taken":10,"max_hp_gain":0,"max_hp_loss":0,"event_name":"SensoryStone","floor":36,"gold_loss":0},{"damage_healed":0,"gold_gain":0,"player_choice":"Fight","damage_taken":0,"max_hp_gain":0,"max_hp_loss":0,"event_name":"Mysterious Sphere","floor":37,"gold_loss":0},{"damage_healed":17,"gold_gain":0,"player_choice":"Writhe","damage_taken":0,"max_hp_gain":0,"max_hp_loss":0,"event_name":"Winding Halls","floor":44,"gold_loss":0,"cards_obtained":["Writhe"]}],"is_beta":true,"boss_relics":[{"not_picked":["Calling Bell","Orrery"],"picked":"Pandora\u0027s Box"},{"not_picked":["Mark of Pain","Tiny House"],"picked":"Runic Pyramid"}],"items_purged_floors":[22,48,54],"is_endless":false,"potions_floor_spawned":[1,8,11,12,16,28,29,30,33,38,40,46,47,55],"ascension_level":20}