{"gold_per_floor":[111,130,205,218,218,218,230,230,230,261,186,210,244,278,278,352,352,370,420,452,472,61,95,110,110,162,162,193,193,225,254,254,331,331,348,348,448,448,464,464,498,498,498,523,577,604,494,514,514,514,514,514,514,55,82,82],"floor_reached":57,"playtime":4322,"items_purged":["Strike_B","Defend_B"],"score":3485,"play_id":"6b1d4928-751c-4500-8682-df439eb94e56","local_time":"20190429213206","is_ascension_mode":true,"campfire_choices":[{"data":"Doom and Gloom","floor":6,"key":"SMITH"},{"data":"Conserve Battery","floor":8,"key":"SMITH"},{"data":"Force Field","floor":15,"key":"SMITH"},{"data":"Reinforced Body","floor":27,"key":"SMITH"},{"data":"Self Repair","floor":29,"key":"SMITH"},{"data":"Coolheaded","floor":32,"key":"SMITH"},{"floor":40,"key":"RECALL"},{"data":"Capacitor","floor":42,"key":"SMITH"},{"data":"Glacier","floor":49,"key":"SMITH"},{"data":"Meteor Strike","floor":53,"key":"SMITH"}],"neow_cost":"NONE","seed_source_timestamp":199657928001614,"circlet_count":0,"master_deck":["AscendersBane","Defend_B","Defend_B","Defend_B+1","Dualcast","Doom and Gloom+1","Ball Lightning","Conserve Battery+1","Rainbow","Force Field+1","Self Repair+1","Echo Form+1","Reinforced Body+1","Capacitor+1","Meteor Strike","Genetic Algorithm+1","Coolheaded+1","Meteor Strike+1","Coolheaded+1","Double Energy","Glacier+1","Apotheosis","Consume+1","Hologram","Biased Cognition+1","Capacitor+1","Coolheaded"],"relics":["Snecko Eye","Ice Cream","WingedGreaves","Odd Mushroom","Letter Opener","Juzu Bracelet","Black Star","Red Mask","Emotion Chip","DataDisk","Pocketwatch","Art of War","Orichalcum","Frozen Egg 2","Symbiotic Virus","War Paint","Anchor","Sundial","Orrery","Du-Vu Doll","Potion Belt","Pen Nib","Bag of Marbles","Singing Bowl","Nunchaku","Mercury Hourglass","Happy Flower","Dodecahedron","Oddly Smooth Stone","Bottled Tornado"],"potions_floor_usage":[56,56],"damage_taken":[{"damage":6,"enemies":"Cultist","floor":1,"turns":4},{"damage":0,"enemies":"Small Slimes","floor":2,"turns":2},{"damage":2,"enemies":"Jaw Worm","floor":4,"turns":3},{"damage":0,"enemies":"3 Louse","floor":7,"turns":1},{"damage":8,"enemies":"Gremlin Nob","floor":10,"turns":3},{"damage":0,"enemies":"The Mushroom Lair","floor":12,"turns":2},{"damage":5,"enemies":"Lagavulin","floor":13,"turns":5},{"damage":1,"enemies":"Gremlin Nob","floor":14,"turns":3},{"damage":15,"enemies":"The Guardian","floor":16,"turns":9},{"damage":9,"enemies":"Spheric Guardian","floor":18,"turns":5},{"damage":12,"enemies":"Masked Bandits","floor":20,"turns":2},{"damage":2,"enemies":"Chosen","floor":21,"turns":6},{"damage":13,"enemies":"Book of Stabbing","floor":23,"turns":5},{"damage":0,"enemies":"Centurion and Healer","floor":24,"turns":3},{"damage":27,"enemies":"Slavers","floor":28,"turns":3},{"damage":2,"enemies":"Book of Stabbing","floor":30,"turns":3},{"damage":5,"enemies":"Slavers","floor":31,"turns":3},{"damage":0,"enemies":"Automaton","floor":33,"turns":7},{"damage":0,"enemies":"3 Darklings","floor":35,"turns":5},{"damage":0,"enemies":"Mind Bloom Boss Battle","floor":37,"turns":5},{"damage":0,"enemies":"3 Shapes","floor":39,"turns":6},{"damage":0,"enemies":"Reptomancer","floor":41,"turns":4},{"damage":0,"enemies":"Giant Head","floor":44,"turns":6},{"damage":0,"enemies":"2 Orb Walkers","floor":45,"turns":3},{"damage":0,"enemies":"Reptomancer","floor":46,"turns":4},{"damage":0,"enemies":"Maw","floor":48,"turns":6},{"damage":0,"enemies":"Time Eater","floor":50,"turns":19},{"damage":0,"enemies":"Donu and Deca","floor":51,"turns":8},{"damage":0,"enemies":"Shield and Spear","floor":55,"turns":5},{"damage":0,"enemies":"The Heart","floor":56,"turns":9}],"seed_played":"-7964854051845760562","potions_obtained":[{"floor":1,"key":"Swift Potion"},{"floor":12,"key":"PowerPotion"},{"floor":13,"key":"GamblersBrew"},{"floor":44,"key":"PowerPotion"},{"floor":45,"key":"SteroidPotion"}],"is_trial":false,"path_per_floor":["M","M","?","M","?","R","M","R","T","E","?","?","E","E","R","B",null,"M","?","?","M","$","E","M","?","T","R","E","R","E","E","R","B",null,"M","?","?","?","M","R","E","R","T","E","?","E","?","M","R","B","B",null,"R","$","E","B",null],"character_chosen":"DEFECT","items_purchased":["Emotion Chip","Capacitor+1","Coolheaded","Dodecahedron"],"campfire_rested":0,"item_purchase_floors":[22,54,54,54],"current_hp_per_floor":[58,58,47,45,45,45,45,45,45,37,37,37,32,38,38,30,61,59,59,47,52,52,46,60,60,60,60,40,40,48,63,63,71,71,71,71,71,61,71,71,71,71,71,73,75,75,75,75,75,75,75,75,75,75,77,77],"gold":82,"neow_bonus":"BOSS_RELIC","is_prod":false,"is_daily":false,"chose_seed":false,"campfire_upgraded":9,"win_rate":0,"timestamp":1556598726,"path_taken":["M","?","?","M","?","R","M","R","T","E","?","?","E","E","R","BOSS","M","?","?","M","$","E","M","?","T","R","E","R","E","E","R","BOSS","M","?","?","?","M","R","E","R","T","E","?","E","?","M","R","BOSS","BOSS","R","$","E","BOSS"],"build_version":"2019-04-23","purchased_purges":2,"victory":true,"max_hp_per_floor":[71,71,71,71,71,71,71,71,71,71,71,71,71,71,71,71,71,71,71,71,71,71,71,71,71,71,71,71,71,71,71,71,71,71,71,71,71,71,71,71,71,71,71,73,75,75,75,75,75,75,75,75,75,75,77,77],"card_choices":[{"not_picked":["Skim","Turbo"],"picked":"Doom and Gloom","floor":1},{"not_picked":["Stack","Barrage","Steam"],"picked":"SKIP","floor":2},{"not_picked":["Gash","Barrage"],"picked":"Ball Lightning","floor":4},{"not_picked":["Leap","Steam"],"picked":"Conserve Battery","floor":7},{"not_picked":["Ball Lightning","Compile Driver"],"picked":"Rainbow","floor":10},{"not_picked":["BootSequence","Gash"],"picked":"Force Field","floor":12},{"not_picked":["Scrape","Chaos"],"picked":"Self Repair","floor":13},{"not_picked":["Chill","BootSequence","Redo"],"picked":"SKIP","floor":14},{"not_picked":["Amplify","Thunder Strike"],"picked":"Echo Form","floor":16},{"not_picked":["Storm","Scrape","Compile Driver"],"picked":"SKIP","floor":18},{"not_picked":["Leap","Chaos+1","Stack"],"picked":"SKIP","floor":21},{"not_picked":["White Noise","Rebound","Sweeping Beam"],"picked":"SKIP","floor":23},{"not_picked":["Stack","Hyperbeam"],"picked":"Reinforced Body","floor":24},{"not_picked":["Coolheaded","Biased Cognition"],"picked":"Meteor Strike","floor":28},{"not_picked":["FTL+1","Beam Cell"],"picked":"Genetic Algorithm","floor":30},{"not_picked":["Turbo","Barrage"],"picked":"Coolheaded","floor":31},{"not_picked":["Amplify","Seek"],"picked":"Meteor Strike","floor":33},{"not_picked":["Gash+1","Conserve Battery"],"picked":"Coolheaded+1","floor":34},{"not_picked":["Redo","Sweeping Beam","Cold Snap"],"picked":"SKIP","floor":35},{"not_picked":["Leap","Sunder"],"picked":"Glacier","floor":37},{"not_picked":["Mind Blast","Deep Breath"],"picked":"Apotheosis","floor":38},{"not_picked":["Go for the Eyes","Barrage+1"],"picked":"Consume+1","floor":39},{"not_picked":["Barrage","Conserve Battery","Aggregate"],"picked":"SKIP","floor":41},{"not_picked":["White Noise","Undo","Streamline"],"picked":"Singing Bowl","floor":44},{"not_picked":["Multi-Cast","Gash+1","Go for the Eyes"],"picked":"Singing Bowl","floor":45},{"not_picked":["Auto Shields+1","Compile Driver+1"],"picked":"Hologram","floor":46},{"not_picked":["Steam Power+1","Conserve Battery"],"picked":"Biased Cognition+1","floor":48},{"not_picked":["Stack","Compile Driver","Lockon"],"picked":"Singing Bowl","floor":55}],"player_experience":5975916,"relics_obtained":[{"floor":9,"key":"Ice Cream"},{"floor":10,"key":"WingedGreaves"},{"floor":12,"key":"Odd Mushroom"},{"floor":13,"key":"Letter Opener"},{"floor":14,"key":"Juzu Bracelet"},{"floor":20,"key":"Red Mask"},{"floor":23,"key":"DataDisk"},{"floor":23,"key":"Pocketwatch"},{"floor":26,"key":"Art of War"},{"floor":28,"key":"Orichalcum"},{"floor":28,"key":"Frozen Egg 2"},{"floor":30,"key":"Symbiotic Virus"},{"floor":30,"key":"War Paint"},{"floor":31,"key":"Anchor"},{"floor":31,"key":"Sundial"},{"floor":37,"key":"Du-Vu Doll"},{"floor":41,"key":"Potion Belt"},{"floor":41,"key":"Pen Nib"},{"floor":44,"key":"Bag of Marbles"},{"floor":44,"key":"Singing Bowl"},{"floor":45,"key":"Nunchaku"},{"floor":46,"key":"Mercury Hourglass"},{"floor":46,"key":"Happy Flower"},{"floor":55,"key":"Oddly Smooth Stone"},{"floor":55,"key":"Bottled Tornado"}],"event_choices":[{"damage_healed":0,"gold_gain":75,"player_choice":"Gather Gold","damage_taken":11,"max_hp_gain":0,"max_hp_loss":0,"event_name":"World of Goop","floor":3,"gold_loss":0},{"cards_removed":["Strike_B"],"damage_healed":0,"gold_gain":0,"player_choice":"Forget","damage_taken":0,"max_hp_gain":0,"max_hp_loss":0,"event_name":"Living Wall","floor":5,"gold_loss":0},{"cards_removed":["Strike_B"],"damage_healed":0,"gold_gain":0,"player_choice":"Card Removal","damage_taken":0,"max_hp_gain":0,"max_hp_loss":0,"event_name":"The Cleric","floor":11,"gold_loss":75},{"damage_healed":0,"gold_gain":0,"player_choice":"Fought Mushrooms","damage_taken":0,"max_hp_gain":0,"max_hp_loss":0,"event_name":"Mushrooms","floor":12,"gold_loss":0},{"damage_healed":0,"gold_gain":50,"player_choice":"Stole From Cult","damage_taken":0,"max_hp_gain":0,"max_hp_loss":0,"event_name":"Nest","floor":19,"gold_loss":0},{"damage_healed":0,"gold_gain":0,"player_choice":"Fought Bandits","damage_taken":0,"max_hp_gain":0,"max_hp_loss":0,"event_name":"Masked Bandits","floor":20,"gold_loss":0},{"damage_healed":0,"gold_gain":0,"player_choice":"Read","damage_taken":0,"max_hp_gain":0,"max_hp_loss":0,"event_name":"The Library","floor":25,"gold_loss":0,"cards_obtained":["Capacitor"]},{"damage_healed":0,"gold_gain":0,"cards_transformed":["Strike_B"],"player_choice":"Transformed","damage_taken":0,"max_hp_gain":0,"max_hp_loss":0,"event_name":"Transmorgrifier","floor":36,"gold_loss":0,"cards_obtained":["Double Energy"]},{"damage_healed":0,"gold_gain":0,"player_choice":"Fight","damage_taken":0,"max_hp_gain":0,"max_hp_loss":0,"event_name":"MindBloom","floor":37,"gold_loss":0},{"damage_healed":0,"gold_gain":0,"player_choice":"Memory 3","damage_taken":10,"max_hp_gain":0,"max_hp_loss":0,"event_name":"SensoryStone","floor":38,"gold_loss":0},{"damage_healed":0,"gold_gain":0,"player_choice":"Fight","damage_taken":0,"max_hp_gain":0,"max_hp_loss":0,"event_name":"Mysterious Sphere","floor":45,"gold_loss":0},{"cards_removed":["Zap"],"damage_healed":0,"gold_gain":0,"player_choice":"Upgrade and Remove","damage_taken":0,"max_hp_gain":0,"max_hp_loss":0,"event_name":"Designer","floor":47,"gold_loss":110,"cards_upgraded":["Echo Form"]}],"is_beta":true,"boss_relics":[{"not_picked":["Ectoplasm","Lizard Tail"],"picked":"Black Star"},{"not_picked":["Nuclear Battery","Eternal Feather"],"picked":"Orrery"}],"items_purged_floors":[22,54],"is_endless":false,"potions_floor_spawned":[1,12,13,14,20,21,24,39,44,45],"ascension_level":20}