{"gold_per_floor":[112,123,123,198,223,223,237,271,271,271,285,285,210,249,249,249],"floor_reached":16,"playtime":577,"items_purged":[],"score":220,"play_id":"95745987-1c72-4cbf-a3b4-4b13156710f4","local_time":"20190501172104","is_ascension_mode":true,"campfire_choices":[{"floor":6,"key":"REST"},{"data":"Armaments","floor":12,"key":"SMITH"},{"data":"Battle Trance","floor":15,"key":"SMITH"}],"neow_cost":"NONE","seed_source_timestamp":114770603237647,"circlet_count":0,"master_deck":["AscendersBane","Strike_R","Strike_R","Strike_R","Strike_R","Defend_R","Defend_R","Defend_R","Defend_R","Bash","Battle Trance+1","Spot Weakness","Sword Boomerang","Armaments+1","Shockwave"],"relics":["Burning Blood","Dream Catcher","Golden Idol","Pantograph","Frozen Egg 2","Singing Bowl"],"potions_floor_usage":[8,8,16,16],"damage_taken":[{"damage":1,"enemies":"Cultist","floor":1,"turns":3},{"damage":4,"enemies":"Small Slimes","floor":2,"turns":4},{"damage":9,"enemies":"2 Louse","floor":5,"turns":3},{"damage":8,"enemies":"Exordium Wildlife","floor":7,"turns":4},{"damage":26,"enemies":"Gremlin Nob","floor":8,"turns":4},{"damage":11,"enemies":"Blue Slaver","floor":11,"turns":4},{"damage":12,"enemies":"Lagavulin","floor":14,"turns":7},{"damage":51,"enemies":"Slime Boss","floor":16,"turns":8}],"seed_played":"8604201987852430996","potions_obtained":[{"floor":2,"key":"Weak Potion"},{"floor":7,"key":"Swift Potion"},{"floor":8,"key":"Swift Potion"},{"floor":14,"key":"Dexterity Potion"}],"is_trial":false,"path_per_floor":["M","M","?","?","M","R","M","E","T","?","M","R","?","E","R","B"],"character_chosen":"IRONCLAD","items_purchased":[],"campfire_rested":1,"item_purchase_floors":[],"current_hp_per_floor":[73,75,49,38,35,57,55,35,35,35,30,30,30,24,24,0],"gold":249,"neow_bonus":"RANDOM_COMMON_RELIC","is_prod":false,"is_daily":false,"chose_seed":false,"campfire_upgraded":2,"win_rate":0,"timestamp":1556756464,"path_taken":["M","M","?","?","M","R","M","E","T","?","M","R","?","E","R","BOSS"],"build_version":"2019-04-23","purchased_purges":0,"victory":false,"max_hp_per_floor":[75,75,75,75,75,75,75,75,75,75,75,75,75,75,75,75],"card_choices":[{"not_picked":["Cleave","Flex"],"picked":"Battle Trance","floor":1},{"not_picked":["Body Slam","Bloodletting"],"picked":"Spot Weakness","floor":2},{"not_picked":["Body Slam","Rampage"],"picked":"Sword Boomerang","floor":5},{"not_picked":["Body Slam","Blood for Blood","Clash"],"picked":"SKIP","floor":7},{"not_picked":["Shrug It Off","Wild Strike"],"picked":"Armaments","floor":8},{"not_picked":["Twin Strike","Exhume","Burning Pact"],"picked":"SKIP","floor":11},{"not_picked":["Heavy Blade","Cleave"],"picked":"Shockwave","floor":14}],"player_experience":6031013,"relics_obtained":[{"floor":8,"key":"Pantograph"},{"floor":9,"key":"Frozen Egg 2"},{"floor":14,"key":"Singing Bowl"}],"event_choices":[{"damage_healed":0,"gold_gain":0,"player_choice":"Take Damage","damage_taken":26,"relics_obtained":["Golden Idol"],"max_hp_gain":0,"max_hp_loss":0,"event_name":"Golden Idol","floor":3,"gold_loss":0},{"damage_healed":0,"gold_gain":75,"player_choice":"Gather Gold","damage_taken":11,"max_hp_gain":0,"max_hp_loss":0,"event_name":"World of Goop","floor":4,"gold_loss":0},{"damage_healed":0,"gold_gain":0,"player_choice":"Ignored","damage_taken":0,"max_hp_gain":0,"max_hp_loss":0,"event_name":"Shining Light","floor":10,"gold_loss":0},{"cards_removed":["Strike_R"],"damage_healed":0,"gold_gain":0,"player_choice":"Card Removal","damage_taken":0,"max_hp_gain":0,"max_hp_loss":0,"event_name":"The Cleric","floor":13,"gold_loss":75}],"is_beta":true,"boss_relics":[],"items_purged_floors":[],"is_endless":false,"potions_floor_spawned":[2,7,8,14],"killed_by":"Slime Boss","ascension_level":20}