{"gold_per_floor":[116,41,61,74,74,74,105,105,131,144,172,247,265,225,225,298,298,316,316,316,336,346,346,346,381,381,381,394,408,427,438,438,509,509,527,527,62,76,92,117,168,180,180,198,198,218,33,59,59,59,59,59,59,59,89,89],"floor_reached":57,"playtime":4987,"items_purged":["Strike_B","Dualcast"],"score":2657,"play_id":"1545c7ab-7f5f-4eee-9f68-b5c29b44890b","local_time":"20190426170222","is_ascension_mode":true,"campfire_choices":[{"data":"Barrage","floor":6,"key":"SMITH"},{"data":"Zap","floor":8,"key":"SMITH"},{"data":"Defragment","floor":15,"key":"SMITH"},{"data":"Biased Cognition","floor":23,"key":"SMITH"},{"floor":27,"key":"REST"},{"data":"Capacitor","floor":32,"key":"SMITH"},{"floor":49,"key":"RECALL"},{"data":"Biased Cognition","floor":53,"key":"SMITH"}],"neow_cost":"NONE","seed_source_timestamp":358779233899871,"circlet_count":0,"master_deck":["AscendersBane","Defend_B","Defend_B","Defend_B","Defend_B+1","Zap+1","Glacier","Barrage+1","Capacitor+1","Coolheaded","Hologram+1","Defragment+1","Genetic Algorithm","Biased Cognition+1","Genetic Algorithm","RitualDagger","Gash","Blizzard+1","Core Surge","Force Field","Go for the Eyes","Coolheaded","Biased Cognition+1","Echo Form","Coolheaded","Dark Shackles","Static Discharge+1"],"relics":["Cracked Core","Omamori","Strawberry","Orichalcum","Happy Flower","PreservedInsect","Runic Pyramid","Lantern","Ornamental Fan","Busted Crown","Singing Bowl","Frozen Egg 2","StoneCalendar","Art of War","War Paint"],"potions_floor_usage":[11,25,28,40,40,41,55,56],"damage_taken":[{"damage":7,"enemies":"Jaw Worm","floor":1,"turns":2},{"damage":0,"enemies":"2 Louse","floor":3,"turns":4},{"damage":0,"enemies":"Cultist","floor":4,"turns":4},{"damage":9,"enemies":"3 Sentries","floor":7,"turns":11},{"damage":0,"enemies":"Large Slime","floor":10,"turns":4},{"damage":8,"enemies":"Lagavulin","floor":11,"turns":8},{"damage":0,"enemies":"3 Louse","floor":13,"turns":3},{"damage":5,"enemies":"Looter","floor":14,"turns":4},{"damage":18,"enemies":"Hexaghost","floor":16,"turns":10},{"damage":17,"enemies":"Chosen","floor":18,"turns":7},{"damage":0,"enemies":"Spheric Guardian","floor":21,"turns":5},{"damage":3,"enemies":"Centurion and Healer","floor":22,"turns":8},{"damage":27,"enemies":"Gremlin Leader","floor":25,"turns":6},{"damage":9,"enemies":"Shelled Parasite and Fungi","floor":28,"turns":7},{"damage":8,"enemies":"Chosen and Byrds","floor":29,"turns":7},{"damage":0,"enemies":"Snake Plant","floor":30,"turns":6},{"damage":0,"enemies":"Cultist and Chosen","floor":31,"turns":7},{"damage":5,"enemies":"Champ","floor":33,"turns":14},{"damage":0,"enemies":"3 Darklings","floor":35,"turns":7},{"damage":0,"enemies":"3 Shapes","floor":38,"turns":4},{"damage":0,"enemies":"3 Darklings","floor":39,"turns":6},{"damage":20,"enemies":"Reptomancer","floor":40,"turns":7},{"damage":13,"enemies":"2 Orb Walkers","floor":41,"turns":9},{"damage":5,"enemies":"Spire Growth","floor":42,"turns":5},{"damage":0,"enemies":"Writhing Mass","floor":44,"turns":9},{"damage":0,"enemies":"4 Shapes","floor":46,"turns":7},{"damage":21,"enemies":"Awakened One","floor":50,"turns":15},{"damage":0,"enemies":"Time Eater","floor":51,"turns":12},{"damage":22,"enemies":"Shield and Spear","floor":55,"turns":6},{"damage":58,"enemies":"The Heart","floor":56,"turns":9}],"seed_played":"-801522703573745511","potions_obtained":[{"floor":1,"key":"GamblersBrew"},{"floor":3,"key":"Swift Potion"},{"floor":10,"key":"Regen Potion"},{"floor":11,"key":"EssenceOfSteel"},{"floor":16,"key":"LiquidBronze"},{"floor":25,"key":"Energy Potion"},{"floor":29,"key":"SkillPotion"},{"floor":33,"key":"Fire Potion"},{"floor":38,"key":"PowerPotion"},{"floor":40,"key":"Regen Potion"},{"floor":44,"key":"Regen Potion"}],"is_trial":false,"path_per_floor":["M","?","M","M","?","R","E","R","T","M","E","?","M","M","R","B",null,"M","?","?","M","M","R","?","E","T","R","M","M","M","M","R","B",null,"M","?","$","M","M","E","?","M","T","M","?","M","$","T","R","B","B",null,"R","$","E","B",null],"character_chosen":"DEFECT","items_purchased":["Singing Bowl","Coolheaded","Dark Shackles","FocusPotion"],"campfire_rested":1,"item_purchase_floors":[37,37,37,47],"current_hp_per_floor":[57,57,57,57,53,53,44,44,44,44,51,40,40,35,35,17,63,46,40,40,40,37,37,37,10,10,33,24,16,16,16,16,11,61,61,77,77,79,81,61,65,62,62,64,64,66,66,66,66,45,45,79,79,79,74,16],"gold":89,"neow_bonus":"RANDOM_COMMON_RELIC","is_prod":false,"is_daily":false,"chose_seed":false,"campfire_upgraded":6,"win_rate":0,"timestamp":1556323342,"path_taken":["M","?","M","M","?","R","E","R","T","M","E","?","M","M","R","BOSS","M","?","?","?","M","R","?","E","T","R","M","M","M","M","R","BOSS","M","?","$","M","M","E","?","M","T","M","?","M","?","?","R","BOSS","BOSS","R","$","E","BOSS"],"build_version":"2019-04-23","purchased_purges":2,"victory":true,"max_hp_per_floor":[71,71,71,71,78,78,78,78,78,78,78,78,78,78,78,78,78,78,78,78,78,78,78,78,78,78,78,78,78,78,78,78,78,78,78,78,78,80,82,82,84,86,86,88,88,90,90,90,90,90,90,90,90,90,92,92],"card_choices":[{"not_picked":["Conserve Battery","Stack"],"picked":"Glacier","floor":1},{"not_picked":["Leap","Cold Snap"],"picked":"Barrage","floor":3},{"not_picked":["Rebound","Beam Cell"],"picked":"Capacitor","floor":4},{"not_picked":["Static Discharge","Conserve Battery"],"picked":"Coolheaded","floor":7},{"not_picked":["Heatsinks","Lockon","Beam Cell"],"picked":"SKIP","floor":10},{"not_picked":["Redo","Scrape"],"picked":"Hologram","floor":11},{"not_picked":["Hello World","Reprogram"],"picked":"Defragment","floor":13},{"not_picked":["Fission","White Noise"],"picked":"Genetic Algorithm","floor":14},{"not_picked":["Hyperbeam","Buffer"],"picked":"Biased Cognition","floor":16},{"not_picked":["Steam Power","Sunder"],"picked":"Genetic Algorithm","floor":18},{"not_picked":["Barrage","Sweeping Beam"],"picked":"Gash","floor":21},{"not_picked":["Ball Lightning","Stack+1"],"picked":"Blizzard+1","floor":22},{"not_picked":["Rip and Tear","Auto Shields"],"picked":"Go for the Eyes","floor":25},{"not_picked":["Rebound","Steam","Sweeping Beam"],"picked":"SKIP","floor":28},{"not_picked":["Steam Power","Auto Shields"],"picked":"Coolheaded","floor":29},{"not_picked":["BootSequence","Double Energy","Streamline"],"picked":"SKIP","floor":30},{"not_picked":["Fusion","Conserve Battery"],"picked":"Biased Cognition","floor":31},{"not_picked":["Hyperbeam","Machine Learning"],"picked":"Echo Form","floor":33},{"not_picked":["Undo+1"],"picked":"SKIP","floor":35},{"not_picked":["Leap+1"],"picked":"Singing Bowl","floor":38},{"not_picked":["Aggregate"],"picked":"Singing Bowl","floor":39},{"not_picked":[],"picked":"Static Discharge","floor":40},{"not_picked":["Static Discharge+1"],"picked":"Singing Bowl","floor":41},{"not_picked":["Streamline"],"picked":"Singing Bowl","floor":42},{"not_picked":["White Noise+1"],"picked":"Singing Bowl","floor":44},{"not_picked":["Recycle+1"],"picked":"Singing Bowl","floor":46},{"not_picked":["Chill"],"picked":"Singing Bowl","floor":55}],"player_experience":5884618,"relics_obtained":[{"floor":7,"key":"Orichalcum"},{"floor":9,"key":"Happy Flower"},{"floor":11,"key":"PreservedInsect"},{"floor":25,"key":"Lantern"},{"floor":26,"key":"Ornamental Fan"},{"floor":40,"key":"Frozen Egg 2"},{"floor":41,"key":"StoneCalendar"},{"floor":48,"key":"Art of War"},{"floor":55,"key":"War Paint"}],"event_choices":[{"cards_removed":["Strike_B"],"damage_healed":0,"gold_gain":0,"player_choice":"Card Removal","damage_taken":0,"max_hp_gain":0,"max_hp_loss":0,"event_name":"The Cleric","floor":2,"gold_loss":75},{"damage_healed":0,"gold_gain":0,"player_choice":"Success","damage_taken":11,"relics_obtained":["Strawberry"],"max_hp_gain":0,"max_hp_loss":0,"event_name":"Scrap Ooze","floor":5,"gold_loss":0},{"damage_healed":0,"gold_gain":75,"player_choice":"Gather Gold","damage_taken":11,"max_hp_gain":0,"max_hp_loss":0,"event_name":"World of Goop","floor":12,"gold_loss":0},{"damage_healed":0,"gold_gain":0,"player_choice":"Joined the Cult","damage_taken":6,"max_hp_gain":0,"max_hp_loss":0,"event_name":"Nest","floor":19,"gold_loss":0,"cards_obtained":["RitualDagger"]},{"damage_healed":0,"gold_gain":0,"player_choice":"1 cards matched","damage_taken":0,"max_hp_gain":0,"max_hp_loss":0,"event_name":"Match and Keep!","floor":20,"gold_loss":0,"cards_obtained":["Writhe"]},{"damage_healed":0,"gold_gain":0,"cards_transformed":["Strike_B","Strike_B"],"player_choice":"Became Test Subject","damage_taken":0,"max_hp_gain":0,"max_hp_loss":0,"event_name":"Drug Dealer","floor":24,"gold_loss":0,"cards_obtained":["Core Surge","Force Field"]},{"damage_healed":16,"gold_gain":0,"player_choice":"Writhe","damage_taken":0,"max_hp_gain":0,"max_hp_loss":0,"event_name":"Winding Halls","floor":36,"gold_loss":0,"cards_obtained":["Writhe"]},{"damage_healed":0,"gold_gain":0,"player_choice":"Fight","damage_taken":0,"max_hp_gain":0,"max_hp_loss":0,"event_name":"Mysterious Sphere","floor":41,"gold_loss":0},{"damage_healed":0,"gold_gain":0,"player_choice":"Ignored","damage_taken":0,"max_hp_gain":0,"max_hp_loss":0,"event_name":"Tomb of Lord Red Mask","floor":45,"gold_loss":0}],"is_beta":true,"boss_relics":[{"not_picked":["Cursed Key","Tiny House"],"picked":"Runic Pyramid"},{"not_picked":["Philosopher\u0027s Stone","Orrery"],"picked":"Busted Crown"}],"items_purged_floors":[37,47],"is_endless":false,"potions_floor_spawned":[1,3,10,11,16,22,25,29,33,38,39,40,44],"ascension_level":20}